3709 5434
406 200 444 303 '4
795 166 1417 302 Acts-¹

154 411 318 483 mma,
339 406 461 460 tamen
480 382 664 483 utriusque
677 403 760 456 cum
780 381 896 471 ratio,
913 403 992 454 tum
1010 379 1236 480 experientia
1246 376 1424 480 loquitur.
1449 382 1678 459 Haecenim

153 499 319 572 annunt.
340 482 501 560 conlltns
515 483 585 573 est,
611 481 752 582 aqualis
772 506 899 578 nempe
916 481 1067 554 excessui
1087 481 1254 578 ponderis
1270 479 1371 555 lluidi
1389 480 1426 554 su
1450 506 1491 558 ra
1519 480 1675 582 pondus

155 573 322 650 mm*
338 583 442 658 solidi
467 582 510 657 ad
530 607 705 683 quamcun
734 606 777 656 ue
799 578 1080 682 profunditatem
1106 578 1282 671 demersi,
1309 603 1349 654 ut
1375 580 1422 654 du
1473 606 1510 653 m
1538 579 1677 654 Arrhi-

336 684 447 758 meres
474 678 614 782 propos.
634 690 666 752 ά
693 608 754 757 ill.
769 706 798 755 r.
826 681 868 756 de
886 678 1116 754 infidentibus
1133 680 1283 755 humido
1301 680 1593 783 demonstravit:
1627 680 1677 752 il·

337 785 482 858 lavero
509 780 691 855 variabilis
716 781 857 881 aequalis
885 778 1057 853 nimirum
1079 780 1228 878 ponderi
1254 779 1428 853 columnae
1445 777 1581 870 fluidi,
1610 804 1678 854 cu·-

337 883 394 980 jus
413 880 536 954 eadem
565 905 645 954 cum
674 904 826 979 corpore
852 878 1021 953 immerso
1048 877 1133 953 basis
1160 930 1172 970 ,
1205 877 1361 955 altitudo
1387 902 1515 953 autern
1543 880 1676 955 eadem

338 1000 420 1056 cum
441 979 687 1080 profunditate
705 976 780 1076 ejus
797 978 859 1053 sub
875 1002 987 1079 aqua.
1015 979 1314 1079 Experimentum
1337 977 1558 1078 ingratiam
1575 982 1678 1053 Cen-

338 1078 427 1155 soris
452 1078 597 1180 sequens
625 1105 696 1153 non
717 1079 786 1153 stne
803 1077 957 1152 successu
973 1102 1198 1153 commentus
1214 1077 1290 1153 sum
1310 1131 1320 1151 .
1345 1077 1445 1152 Fieri
1463 1076 1681 1153 curavi-ca·

186 1189 320 1291 10·ng
347 1178 480 1282 psulam
502 1182 602 1268 AB,
617 1174 844 1274 cujus'fundo
861 1174 993 1251 infixus
1009 1170 1219 1271 uncinulus,
1243 1175 1436 1252 cavitatem
1455 1202 1553 1252 uero
1571 1200 1687 1277 oper·

346 1279 465 1354 culum
485 1280 561 1353 CD
588 1278 711 1353 exadle
739 1278 919 1373 complet,
946 1303 990 1350 ne
1015 1280 1176 1377 aqure'in
1193 1300 1271 1351 eam
1288 1276 1405 1351 aditus
1422 1300 1580 1376 pateat.
1612 1274 1687 1351 Al·

343 1402 459 1452 rerum
488 1402 690 1453 extremum
718 1375 771 1451 fili
799 1380 873 1452 FE·
894 1374 1066 1450 uncinulo
1094 1381 1153 1468 F,
1179 1377 1333 1452 alterum
1350 1401 1470 1451 autem
1497 1374 1616 1451 alteri
1645 1377 1684 1448 E

340 1476 526 1577 alligatur.
554 1480 611 1552 lta
639 1499 758 1551 autem
777 1475 935 1577 gravitas
953 1476 1099 1575 capsula
1124 1475 1167 1551 ad
1185 1476 1401 1575 gravitatem
1421 1500 1519 1590 aquae
1537 1498 1687 1550 attem-

343 1594 465 1677 perar‘a
487 1573 563 1667 est,
591 1600 630 1650 ut
656 1600 736 1649 tota
762 1575 901 1675 capsula
929 1600 1011 1648 cunt
1037 1574 1100 1650 suo
1126 1574 1300 1676 operculo
1322 1598 1541 1675 agrtvrrate
1572 1596 1688 1674 aqua

344 1678 490 1751 tantillo
509 1673 672 1768 deliciae,
699 1677 734 1748 dt
753 1674 927 1750 submersa
947 1700 1050 1749 axem
1071 1676 1114 1750 ad
1134 1672 1355 1774 superficiem
1377 1676 1448 1770 ejus
1475 1671 1685 1773 perpendi·

345 1774 500 1849 cularem
522 1775 697 1865 retineat,
723 1801 746 1848 o
772 1779 930 1850 errulum
949 1801 1037 1849 vero
1055 1780 1130 1849 CD
1149 1774 1261 1847 solum
1282 1773 1428 1849 tantillo
1445 1772 1686 1872 gravitatem

345 1900 443 1976 aqua
461 1874 627 1974 superet.
653 1802 804 1964 Quodsi
832 1876 1039 1976 operculum
1060 1879 1135 1950 CD
1154 1875 1250 1949 iutra
1264 1872 1443 1973 capsulam
1470 1892 1687 2045 relponatur

193 1998 322 2083 ΡΜ,
349 1975 384 2048 dc
412 1974 483 2050 haec
509 1971 573 2047 sab
588 1971 688 2072 aquis
704 1977 961 2075 demergatur,
985 1974 1123 2050 dimissa
1151 2000 1231 2048 cum
1259 1971 1432 2074 operculo
1454 1972 1497 2048 de
1514 1969 1683 2058 cendit,

349 2075 462 2148 donec
491 2071 595 2168 hujus
621 2070 781 2172 gravitas
807 2077 880 2146 vim
910 2098 1008 2173 aquae
1036 2073 1229 2173 prementis
1256 2072 1425 2147 excedit:
1456 2096 1542 2146 tunc
1570 2069 1685 2144 enim

347 2170 554 2272 operculum
581 2172 656 2245 CD
685 2169 864 2245 descendit
892 2171 1090 2270 &capsula
1119 2176 1186 2245 AB
1213 2169 1390 2248 ascensum
1409 2171 1625 2246 continuat.

398 2269 561 2343 Dubium
581 2268 730 2340 tertium
758 2269 1048 2343 antecedentibus
1074 2270 1258 2369 speciosus
1284 2271 1454 2346 videtur:
1483 2269 1542 2345 sed
1571 2290 1686 2369 parsi

348 2369 519 2470 logismus
550 2369 608 2442 cl.
635 2364 805 2441 Censoris
841 2366 933 2440 haud
962 2367 1156 2442 difficulter
1182 2370 1396 2468 detegetur.
1433 2367 1684 2468 Expericntia

349 2467 503 2555 docuit,
530 2464 554 2539 fi
582 2464 621 2538 in
649 2462 762 2540 llllula
789 2467 1056 2541 Turricelliana
1084 2466 1249 2541 nonnihil
1277 2469 1367 2541 atris
1393 2467 1495 2565 supra
1522 2469 1685 2540 Mercu·

350 2567 406 2640 rio
425 2565 676 2664 relinquatur,
700 2580 785 2638 'eum
814 2564 856 2638 ad
883 2565 1062 2638 minorem
1089 2565 1317 2640 altitudinem
1345 2564 1537 2662 suspendi,
1562 2589 1681 2663 quant

348 2663 511 2741 stratus
536 2661 673 2739 luerit.
709 2666 753 2739 ln
780 2663 981 2737 Elementis
1010 2666 1247 2741 Aerometriar
1276 2664 1414 2766 propos.
1440 2693 1499 2759 49.
1526 2665 1683 2741 demon·
1839 2708 1851 2736 t

349 2762 481 2849 stravi,
507 2764 574 2832 elle
596 2760 825 2833 altitudinem
847 2758 1025 2835 Mercurii
1053 2763 1090 2836 in
1110 2764 1197 2836 tubo
1218 2791 1334 2839 vacuo
1360 2765 1403 2840 ad
1430 2760 1680 2842 differentiam

352 2854 552 2934 altitudinis
577 2855 613 2929 in
634 2856 722 2930 tubo
749 2882 823 2932 non
850 2885 966 2936 vacuo
993 2862 1036 2935 ab
1062 2859 1253 2936 altitudine
1306 2862 1402 2934 riore
1428 2865 1537 2932 itaut
1566 2853 1680 2928 volu·

353 2978 435 3031 men
455 2954 545 3028 aeris
561 2953 702 3067 dilatati
728 2960 770 3033 ad
789 2960 960 3034 uolumen
979 2960 1184 3059 primitivi.
1210 2963 1253 3034 In
1273 2888 1409 3033 sdholio
1436 2952 1561 3030 monui
1579 3004 1605 3066 ,·
1619 2973 1681 3024 re·

353 3055 472 3155 gulam
492 3055 745 3155 experimentis
763 3061 918 3131 Mariorti
945 3060 1085 3158 prorsus
1104 3056 1295 3132 consonam
1322 3058 1418 3131 esse:
1446 3056 1538 3131 uude
1557 3073 1678 3126 rutror

351 3152 411 3226 Cl.
427 3153 621 3229 Censorem
643 3156 733 3228 milti
751 3160 989 3256 exprobrare,
1013 3160 1109 3256 quod
1129 3159 1261 3257 regula
1275 3154 1467 3231 veritatem
1487 3151 1676 3253 experien-

353 3251 404 3326 tia
431 3278 503 3327 non
524 3251 815 3370 confirmaverim
836 3312 845 3330 .
870 3259 938 3331 Sed
966 3258 1147 3372 audiamus
1166 3256 1439 3371 difficultatem,
1461 3279 1571 3428 quam
1589 3277 1676 3366 qon-

199 3375 282 3501 3³⁸·
299 3396 328 3464 ⁵·
356 3375 507 3526 {³5³3
531 3351 699 3525 lassi
719 3356 983 3528 ifl‘llssls'
1003 3356 1235 3527 sitiretis
1253 3353 1677 3528 liis‘ll‘tinlllmslf

220 3582 227 3595 ·
355 3477 767 3648 spendattquMercurius
781 3480 831 3626 gin
851 3555 940 3627 tubo
964 3508 1002 3627 ss
1012 3480 1051 3627 lll
1069 3552 1111 3627 ad
1137 3553 1366 3628 altitudinem
1385 3558 1472 3646 ΕΒ,
1492 3551 1531 3627 in
1560 3504 1679 3625 alltero

354 3652 432 3722 CD
458 3649 501 3721 ad
520 3648 747 3723 altitudinem
775 3654 866 3742 DF,
892 3651 1006 3751 sitque
1034 3651 1231 3743 EB=‹24',
1259 3655 1472 3744 DF=14².
1500 3651 1585 3726 Erit
1614 3673 1696 3748 pers
1734 3672 1738 3679 ’
1808 3670 1817 3679 „

355 3747 511 3845 regulam
533 3772 645 3820 meam
672 3773 730 3819 aer
749 3750 956 3847 primitivus
983 3751 1019 3824 in
1046 3749 1134 3823 tubo
1163 3754 1233 3825 AB
1252 3755 1320 3847 ¹³33
1348 3753 1385 3824 in
1404 3753 1521 3826 altero
1546 3752 1675 3838 1307.
1713 3752 1715 3754 ’
1847 3758 1853 3817 ς

355 3845 540 3937 Quoniam
567 3846 605 3916 in
625 3847 690 3918 CF
719 3872 779 3920 aer
796 3848 844 3921 ell
870 3849 1087 3951 quadruplus
1105 3847 1182 3947 ejus
1204 3850 1268 3950 qui
1291 3851 1328 3922 in
1348 3855 1421 3925 EA
1440 3849 1677 3936 continetur,

355 3967 415 4017 aer
437 3964 556 4016 autem
586 3945 800 4043 quadruplus
828 3947 968 4022 nonnisi
1006 3974 1068 4048 per
1093 3947 1239 4049 duplum
1266 3945 1418 4047 spatium
1448 3947 1678 4023 Mercurium

355 4038 525 4141 deprimit
545 4066 560 4127 3
585 4041 619 4114 id
638 4047 793 4140 generali
815 4047 1010 4138 axiomati,
1035 4047 1133 4146 quod
1151 4044 1299 4122 effeuus
1318 4047 1384 4121 fint
1401 4046 1508 4122 causas
1529 4069 1678 4145 propor-

357 4139 538 4230 tionales,
566 4164 765 4238 repugnare
780 4144 979 4219 arbitratur
998 4145 1056 4218 Cl.
1076 4143 1214 4218 Censor
1234 4197 1243 4217 .
1271 4146 1493 4248 Principium
1520 4147 1589 4215 hoc
1616 4143 1677 4216 ad-

357 4239 489 4328 mitto,
506 4258 630 4335 utpore
646 4240 741 4339 quod
759 4240 796 4312 in
815 4240 1069 4336 schol.1.ax.3.
1097 4244 1371 4337 Elementorum
1392 4265 1554 4318 meorum
1572 4266 1604 4338 p
1621 4269 1678 4335 ¹3·

358 4336 467 4426 &sq
497 4334 655 4434 pluribus
680 4339 858 4413 declaravi
886 4341 920 4411 δι
947 4340 1212 4430 corroboravi,
1238 4342 1274 4412 dt
1302 4366 1385 4414 cum
1410 4367 1455 4413 eo
1479 4339 1678 4413 convenire

357 4431 484 4506 debere
503 4436 659 4536 regulam
679 4460 793 4510 meam
811 4438 987 4536 agnosco.
1015 4438 1150 4539 Ecquis
1169 4462 1258 4511 uero
1273 4439 1432 4531 dixerit,
1451 4437 1549 4539 quod
1566 4439 1603 4512 ei
1624 4464 1677 4510 re-

363 4552 520 4636 pugnet,
548 4534 632 4610 stad
650 4556 727 4611 rent
741 4532 825 4618 satis
842 4558 1000 4619 attentus
1025 4533 1164 4638 sueritl
1192 4534 1294 4615 Dico
1320 4535 1419 4623 euim
1443 4539 1483 4616 in
1503 4536 1591 4612 tulto
1609 4538 1676 4609 EF

421 4674 428 4687 ·
742 4680 752 4689 ·
1547 4659 1630 4715 cau·
1693 4702 1701 4715 ,
