3709 5434
496 152 601 252 600
882 124 1268 230 Acta

246 366 518 455 numatam
546 377 684 461 partem
712 343 840 427 Philus.
859 337 1206 458 natPriucipiorum
1235 362 1300 410 ceu
1329 358 1404 450 rem
1431 336 1615 417 frivolam
1635 343 1754 427 &iou-

245 445 914 558 Aoruntileme'iq›1‹›s1sset,subd=t
942 441 1061 515 statam
1089 465 1126 511 m
1155 438 1277 511 eadem
1301 435 1480 534 Epistola,
1500 444 1569 535 se,
1588 445 1630 530 st
1657 453 1750 526 ,dm

243 546 294 610 M·
309 546 402 618 Μῧὶῑ·
422 587 569 639 eunome
586 581 688 631 eneam
710 544 908 634 iodnjlriorn
935 541 970 611 in
986 537 1101 633 aliquo
1118 565 1153 608 re
1180 539 1285 624 utili,
1312 536 1527 630 defiderare,
1557 566 1601 614 tot
1622 549 1748 640 stolum

287 737 291 746 ‚
420 664 590 763 problema
616 672 777 726 tentatum
793 642 923 741 pridem
942 667 964 710 n
981 638 1173 726 leibnitio,
1193 638 1259 732 sed
1284 638 1347 732 qui
1362 643 1533 710 errauerit
1561 641 1611 711 Θ
1622 649 1746 740 finivere

425 756 671 858 „monente
700 745 887 823 Problema
915 761 1033 813 autem
1063 737 1106 812 ad
1123 734 1224 834 cujus
1247 734 1466 826 ¹solutionem
1487 765 1554 815 uae
1575 769 1744 840 provocat

425 866 477 939 i„
494 861 596 933 habet
605 907 617 943 ‚
640 845 802 921 invenire
818 863 986 929 curvam,
1012 864 1110 935 qnam
1122 835 1290 932 projeilile
1300 835 1454 932 describit
1470 841 1507 911 ior
1516 867 1601 914 aere
1613 851 1739 941 profire·

420 957 592 1060 plieiffirno
603 943 826 1046 suppositione
838 935 1027 1038 grauitatis
1041 956 1144 1032 atque
1161 936 1263 1012 medii
1278 935 1452 1022 deificatis
1468 943 1677 1039 uniformis,
1698 979 1739 1023 η.
1794 985 1795 998 κ

416 1057 573 1147 ststentiae
587 1074 668 1120 vero
695 1049 731 1117 in
749 1045 920 1140 duplicata
940 1040 1066 1110 ratione
1083 1036 1290 1109 velocitatis.
1320 1035 1392 1111 Ubi
1420 1037 1544 1114 statim
1566 1046 1731 1127 Lollotetu
1794 1067 1795 1114 3

426 1153 610 1232 attendere
636 1143 743 1244 cupio
770 1142 812 1216 ad
840 1136 1113 1212 inconstantiam
1143 1136 1397 1212 Provocatotir
1426 1140 1621 1236 problema·
1643 1149 1731 1224 hoece

426 1273 596 1350 tauquam
623 1246 705 1318 ntile
731 1242 766 1314 te
793 1240 909 1314 solutu
938 1237 1084 1337 dignum
1112 1233 1337 1322 aestimantis,
1363 1238 1460 1333 quud
1481 1263 1608 1316 tameo
1634 1251 1728 1350 adip-

426 1355 498 1428 sam
526 1348 626 1421 illam
650 1341 784 1443 spebbat
811 1336 1021 1425 materiam,
1047 1335 1086 1409 in
1108 1332 1211 1430 cujus
1238 1334 1659 1419 enucleatione-studium
1675 1350 1727 1422 ln.

427 1450 549 1551 gulare
586 1442 798 1532 collocavi,
832 1439 868 1512 bt
896 1462 971 1537 quae
998 1432 1262 1533 ipstusjudicio
1298 1433 1429 1510 nullius
1455 1435 1503 1510 eil
1538 1450 1692 1521 momenti
1709 1502 1720 1539 ,

427 1547 589 1646 nullique
616 1541 766 1617 inservit
794 1535 1193 1633 naturae‹phaenomeno
1220 1535 1450 1632 explicando.
1479 1539 1715 1622 Esteuimillud

428 1647 612 1748 problema
641 1642 732 1715 nihil
756 1639 851 1715 aliud
877 1660 983 1737 quam
1011 1634 1191 1707 inversum
1219 1636 1363 1731 Propos.
1381 1640 1426 1709 X.
1456 1638 1586 1714 Philol.
1606 1647 1712 1722 Nattt.

427 1744 585 1845 Princip.
613 1765 771 1843 pag.232
799 1737 896 1814 Edit.
916 1732 1040 1834 poster.
1069 1731 1127 1805 ubi
1146 1735 1375 1808 Newtooum
1405 1732 1649 1816 hallucinatum
1671 1748 1716 1819 de·

430 1843 731 1922 monllraveram.
759 1832 974 1914 insanientis
989 1855 1084 1907 certe
1103 1830 1172 1923 est,
1197 1833 1304 1906 crasse
1330 1837 1420 1911 adeo
1447 1835 1508 1909 fibi
1527 1844 1714 1917 contradico·

432 1971 497 2033 re,
525 1966 564 2017 ut
588 1967 602 2036 ς
632 1943 733 2016 velo
761 1937 862 2012 lineis
889 1959 999 2039 unum
1020 1932 1184 2033 idemque
1214 1932 1322 2008 modo
1346 1935 1506 2028 nullius,
1532 1942 1634 2016 modo
1655 1968 1715 2019 ma·

431 2043 495 2144 gni
521 2041 665 2118 aestimet
695 2038 890 2117 momenti.
1332 2095 1337 2100 .

436 2215 441 2226 ‚
491 2146 615 2238 Quare
641 2166 760 2218 autem
788 2141 856 2214 hoc
883 2137 1002 2239 potius
1029 2137 1249 2236 problemate
1283 2162 1389 2238 quam
1418 2141 1486 2218 alio
1513 2168 1567 2216 tne
1591 2166 1714 2218 tentore

250 2225 322 2304 ΡΨ
346 2238 412 2286 ²²⁰·
433 2241 615 2334 uoluerit,
642 2242 808 2336 conjtblu
836 2238 927 2312 haud
957 2237 1101 2311 difficile
1119 2237 1211 2311 mihi
1227 2235 1315 2310 fuit.
1341 2242 1616 2330 Credebtttnim,
1634 2269 1707 2315 com

431 2344 565 2420 nullam
593 2341 689 2413 illius
706 2339 920 2413 solutionem
939 2337 1120 2411 invenerit
1147 2336 1219 2433 ipse
1238 2337 1429 2412 Newtoona
1449 2347 1543 2426 (natu
1568 2338 1590 2410 st
1615 2339 1705 2412 iove·

432 2443 558 2530 niffet,
587 2440 723 2513 nullum
752 2437 799 2511 est
825 2437 994 2526 dubium,
1019 2434 1316 2536 quin-Principiis
1338 2433 1405 2508 luia
1425 2434 1622 2526 iuletu'tllet,
1646 2462 1709 2511 ma·

431 2535 874 2712 cornuallia
897 2521 1391 2708 statffltinm'ln2'
1413 2557 1709 2710 testum
1751 2635 1754 2639 -

433 2665 602 2813 leontii
626 2735 774 2835 fimplici
803 2733 986 2808 velocitati
1017 2660 1551 2832 proportionationiiiedebee,
1575 2733 1708 2833 inquam,
1794 2791 1795 2794 ,

433 2835 505 2911 boc
532 2833 628 2937 quod
656 2833 797 2908 eluserit
828 2832 1055 2930 sagacitatem
1076 2833 1197 2931 magui
1217 2834 1420 2924 Newtoni,
1445 2833 1558 2910 immo
1579 2834 1704 2907 omnium
1794 2835 1795 2914 l

434 2957 512 3009 tum
531 2933 731 3033 temporis,
757 2958 838 3007 cum
866 2932 938 3006 haec
965 2931 1162 3019 scriberet,
1198 2935 1481 3008 Geometrarum
1507 2933 1703 3033 Anglorum,

432 3034 528 3108 idem
558 3034 674 3106 multo
704 3034 815 3130 magis
849 3031 945 3103 vites
972 3057 1067 3106 meas
1092 3031 1372 3127 superaturum.
1408 3031 1562 3108 Interim
1582 3031 1700 3130 quantia

434 3155 521 3204 meae
540 3130 726 3200 tenuitatis
752 3127 912 3200 conscius
930 3127 1018 3199 mihi
1048 3151 1188 3204 tautum
1207 3155 1279 3204 nou
1294 3129 1471 3222 tribuam,
1500 3155 1544 3205 ut
1564 3154 1700 3210 cumcon-

434 3224 709 3304 summatiffimo
734 3230 933 3302 Geometra
953 3228 1142 3302 Ntwtouo
1169 3227 1266 3328 paria
1290 3228 1405 3306 facete
1430 3233 1572 3323 velim,
1591 3228 1705 3327 contigit

436 3348 557 3401 tamen
587 3322 675 3401 mibi
703 3324 876 3399 inveniffe
903 3324 941 3399 id
968 3328 1064 3424 quod
1091 3330 1236 3424 lynceot
1256 3328 1336 3427 ejut
1361 3331 1486 3404 oculos
1502 3332 1642 3432 fugerat.
1660 3332 1707 3401 Et.

435 3426 532 3499 enim
558 3425 633 3500 viso
653 3424 907 3499 Provocatotio
933 3426 1106 3526 epistola,
1142 3455 1249 3528 quam
1277 3429 1320 3504 ab
1346 3431 1620 3531 Amico-aliquo
1642 3427 1710 3500 Viro

432 3524 566 3604 Nobili
592 3524 628 3595 bc
644 3522 772 3624 insigni
791 3524 1059 3601 Mathematico
1087 3527 1390 3608 communicatam
1405 3556 1604 3629 acceperam
1620 3528 1707 3601 incon⁴

432 3645 471 3696 te
489 3623 798 3716 Februarioanni
825 3625 1140 3724 superioris‚.nou
1162 3630 1223 3705 diu
1234 3632 1325 3728 pon
1345 3632 1502 3731 plenaria
1529 3626 1706 3731 patientium

432 3721 630 3835 solutione,
658 3725 692 3795 δε
713 3725 856 3823 quidem
876 3727 969 3801 ultra
999 3755 1109 3830 quam
1134 3729 1343 3829 deposcebat
1364 3735 1607 3820 Procurator,
1626 3749 1708 3828 quan·

432 3820 626 3933 floqutdem
653 3822 713 3897 illa
740 3822 773 3896 le
790 3827 955 3902 extendit
983 3833 1026 3906 ad
1055 3828 1266 3929 hypothefia
1296 3830 1497 3912 refisteutioe
1528 3849 1709 3907 onotautum

430 3943 471 4000 au
488 3919 689 4020 duplicata,
715 3922 771 3999 sed
800 3921 837 3999 in
866 3927 993 4028 quavis
1018 3929 1258 4029 multiplicata
1285 3931 1426 4007 ratione
1454 3927 1648 4009 velocitatis.

492 4019 628 4130 Verum
658 4048 847 4125 antequam
883 4026 1098 4103 solutionem
1130 4032 1527 4132 meum-publicarem,
1561 4023 1716 4127 julium&

431 4139 570 4230 aequum
597 4120 820 4217 judicabam,
845 4149 883 4199 ut
903 4129 1140 4204 Provocatori
1167 4130 1267 4207 suum
1285 4121 1720 4232 ipsummetproblemani·
1794 4117 1795 4164 l

429 4215 544 4332 ctffitn
572 4243 838 4320 proponerem
866 4251 975 4324 quare
1002 4227 1225 4330 subsequenti
1251 4228 1372 4308 meuse
1397 4232 1504 4330 Majo
1533 4230 1574 4306 ad
1597 4224 1721 4300 tuamor

428 4318 603 4427 bmtcum
621 4322 800 4420 rescripfi,
827 4327 1025 4496 rogavique
1054 4356 1093 4405 ut
1110 4331 1258 4423 eadem,
1285 4355 1354 4434 qua
1362 4331 1479 4407 fuerat
1497 4327 1723 4427 compellatus,

428 4436 491 4489 vta
517 4441 679 4492 uteretur
706 4422 748 4494 ad
776 4422 862 4522 figni
892 4431 1043 4503 candum
1065 4431 1464 4532 Adoeefteioxpetitum
1478 4453 1624 4518 meum,
1647 4420 1721 4525 (1⁰⁰4
1794 4435 1795 4438 ’

427 4534 472 4604 ‚eo
498 4517 701 4614 talebot,
728 4542 768 4597 ut
786 4547 871 4600 aute
898 4547 975 4608 tum
1004 4532 1214 4628 proximum
1240 4531 1399 4613 mensem
1417 4531 1655 4698 Septembrpm
1679 4523 1733 4595 de*

495 4663 499 4688 ι
1593 4648 1685 4703 cara·
