3709 5434
371 244 1135 411 Enuutronum

29 482 49 535 p
120 439 163 521 lo
180 452 333 528 curatius
351 458 558 574 inquirens,
584 479 752 583 variaque
770 516 813 565 ex
831 522 875 571 en

37 544 42 559 .
566 573 576 589 ὓ
771 588 779 602 .
849 595 856 607 ι
894 508 1072 606 quarens,
1096 517 1194 599 inter
1213 522 1613 647 aliaquoquenel.ssrid.

26 541 59 613 n:
118 541 196 657 haec
214 550 392 653 sequentia
412 617 424 653 ‚
452 568 495 642 de
514 574 652 691 wilm.
667 581 821 695 seperius
843 621 914 693 jam
943 614 1108 689 nonnihil
1126 619 1196 698 suit
1213 634 1402 720 adductum
1422 703 1434 743 ,
1454 652 1538 711 ΑΜ
1568 675 1612 731 ¹5·

116 647 243 730 audita
271 681 401 757 agrurn
417 689 544 768 nempe
561 699 670 751 nrmrs
685 708 723 755 an
742 686 839 765 usum
858 708 994 779 roralle
1011 711 1198 798 Pulverem
1218 728 1431 821 sternutam-
1453 724 1497 789 Μ·
1559 753 1578 795 ⁰

26 765 52 873 ‘p
113 752 236 844 rium,
262 758 484 862 eundemque
502 770 609 845 dubio
630 786 751 875 procul
770 790 958 874 miserandi
974 803 1170 904 hujusmali
1189 828 1340 922 primam
1369 871 1429 920 ex-

26 849 47 929 4'
112 846 683 950 aitisseeausamoccabonaleur.
712 883 783 977 Et,
810 900 979 987 quoevid
1047 906 1055 924 ⁶
1184 923 1192 938 '

25 952 41 993 t*
108 951 187 1026 haee
208 978 396 1049 appareat,
422 960 552 1041 fabium
572 970 673 1047 fuisse
691 980 797 1057 refert
817 1014 908 1090 aeger

106 1051 182 1124 tim
214 1050 413 1129 srcciffirnus
437 1062 570 1139 summe
599 1097 640 1157 ue
667 1079 843 1177 volatilis,
870 1109 913 1168 co

26 1154 36 1235 ἑ
104 1138 355 1227 &sudoribus
378 1181 488 1259 prope
516 1096 593 1245 dili
816 1185 823 1199 '

26 1254 43 1367 ,ξ
99 1277 184 1351 que
212 1246 421 1351 inspiratur,
449 1286 523 1337 non
550 1265 661 1345 solum
688 1275 726 1349 in
745 1281 901 1381 asperam
927 1303 1094 1379 arteriam

30 1374 43 1403 q
102 1347 285 1424 infantes
309 1350 342 1420 3<
360 1354 479 1450 gulam
508 1362 615 1466 usqne
632 1381 847 1475 penetrarit,
874 1394 994 1470 tussim
1011 1428 1160 1509 eamque
1178 1417 1419 1532 frequentem,

25 1456 39 1500 a
101 1475 174 1525 „ec
193 1469 265 1521 non
293 1449 329 1518 in
347 1452 427 1548 gula
447 1462 607 1539 ardorem
629 1521 641 1560 ,
669 1499 736 1550 una
755 1506 833 1555 cunr
854 1488 978 1568 dolore
996 1503 1149 1598 primum
1170 1516 1316 1618 obtuso,
1343 1536 1420 1613 san·

25 1530 41 1602 a·
127 1547 296 1643 uinisque
311 1547 436 1646 sputo,
462 1560 645 1642 excitarit.
673 1575 732 1647 Ex
747 1603 819 1677 quo
838 1607 1000 1688 tempore
1018 1600 1313 1700 llacirndolorenr
1327 1630 1419 1713 baud

25 1659 38 1707 t
102 1576 249 1735 avem,
267 1645 381 1722 &hoc
400 1661 651 1758 evanescente,
674 1670 924 1773 deglutitionis'
937 1692 1231 1794 impedimentum
1251 1721 1418 1810 suisseex·

26 1761 37 1807 3
105 1772 259 1833 ortum,
288 1747 436 1823 ulterius
460 1760 632 1837 consessus
649 1766 696 1843 est
722 1799 842 1875 ager,
867 1786 1054 1896 sandleque
1079 1807 1302 1914 affirmavit,
1330 1857 1418 1909 nun·

25 1891 35 1922 ,.
109 1871 214 1948 quam
232 1846 270 1919 in
289 1846 366 1922 vita
382 1847 513 1947 limile,
541 1886 604 1937 nec
621 1867 729 1945 etiam
758 1878 815 1950 vel
832 1881 1048 1969 levillinrum
1075 1900 1113 1978 in
1133 1909 1322 2021 oesophago
1338 1954 1416 2026 per·

26 1966 31 2011 r
112 1946 234 2045 cepille
261 1945 508 2048 deglutitionis
533 1959 851 2060 impedimentum.
878 1988 965 2064 Hac
983 2001 1102 2076 omnia
1122 2008 1287 2091 Medicus
1349 2031 1416 2104 rei·

25 2068 29 2109 ι
101 2046 223 2145 piens,
250 2046 523 2131 excrescentianr
543 2066 717 2160 quandam
732 2075 1022 2185 cartilagineam,
1049 2103 1239 2187 exlaelione
1257 2146 1289 2190 oe
1307 2126 1415 2223 opha·

26 2166 27 2173 ,
74 2178 77 2181 .
98 2147 143 2247 gp
155 2146 324 2223 obortam
343 2199 355 2239 ,
376 2150 492 2243 adesse
511 2202 531 2248 ,⁴
546 2183 747 2268 aegrumque
774 2173 811 2248 in
829 2203 997 2264 extremo·
1009 2195 1092 2271 vitre
1109 2208 1268 2302 periculo
1285 2225 1412 2301 consti-

95 2267 218 2321 tutmu
237 2247 470 2345 pronunciat,
499 2272 829 2363 crustuminum,
855 2279 1063 2366 inevitabile
1081 2326 1174 2378 nunc
1190 2309 1326 2411 satum,
1353 2329 1412 2401 eui

93 2371 190 2445 aeger
208 2344 320 2421 solum
339 2347 589 2449 relinquendus
607 2387 704 2461 erat,
730 2369 793 2471 ipfi
813 2383 1007 2464 accelerare
1023 2394 1138 2476 visum
1158 2405 1245 2484 suit.
1275 2421 1410 2499 Obnu·

94 2442 263 2519 tritionis
278 2446 403 2521 debitae
420 2451 515 2527 eninr
535 2456 709 2541 deseblunr
731 2496 859 2570 corpus
876 2484 1017 2562 obesum
1048 2501 1136 2573 adeo
1152 2503 1219 2582 suit
1239 2539 1408 2600 extenua·

88 2576 195 2646 turn,
221 2577 261 2628 ut
281 2558 393 2659 magis
408 2552 455 2638 ei
471 2563 621 2647 {letberti
646 2598 750 2670 quam
770 2577 928 2660 hominis
945 2596 1022 2669 vivi
1039 2602 1166 2683 faeiem
1187 2627 1371 2715 represent

87 2650 159 2725 rit.
188 2654 337 2726 Ultimo
364 2655 583 2757 liquidorum
611 2669 719 2744 etiam
748 2698 792 2745 ne
809 2687 987 2775 guttulam
1016 2699 1161 2793 quidem
1185 2721 1334 2817 amplius
1361 2660 1460 2802 ab*

82 2740 235 2824 sumere
264 2752 413 2848 potuit,
439 2786 512 2861 qun
538 2763 689 2863 euenit,
723 2790 761 2841 ut
787 2775 871 2870 post*
888 2782 1026 2885 aliquot
1062 2797 1198 2882 dierum
1223 2811 1376 2912 spatium
1395 2840 1430 2918 ,’

82 2847 216 2923 mense
233 2850 355 2948 Aprili
381 2862 466 2934 anni
495 2863 696 2956 currentia,
721 2866 959 2984 famefitique
984 2888 1185 2977 incredibili
1211 2919 1405 2998 emaciatus

84 2970 198 3047 atque
216 2945 371 3044 stadius,
399 2961 524 3060 misere
542 2968 680 3059 tandem
702 2968 873 3065 perierit·
902 2982 1066 3063 Cadaver
1090 3019 1164 3094 quo
1182 3014 1404 3118 aperiretur,

84 3042 263 3147 causaque
291 3071 363 3125 tam
389 3053 548 3160 stupendi
570 3065 718 3154 asserius
743 3068 994 3177 detegeretur,
1021 3091 1147 3171 virens
1172 3108 1285 3186 adbuc
1312 3145 1402 3221 aeger

85 3144 217 3244 petiit,
245 3146 312 3221 bac
330 3174 448 3231 tamen
464 3161 693 3256 conditione,
722 3189 761 3240 ut
777 3171 906 3276 absque
922 3180 1221 3285 sumtibusseeiio
1240 3209 1400 3303 institue·
1580 3280 1590 3292 ·

85 3265 209 3359 retur²
236 3248 331 3346 quod
351 3253 459 3332 etiarn
478 3259 528 3336 it'a
548 3262 681 3342 sedium
700 3266 787 3342 fuit.
816 3278 959 3386 rbperto
976 3286 1098 3388 itaque
1115 3322 1210 3375 nunc
1225 3309 1496 3391 cadavereTab.
1510 3323 1578 3398 IV.

83 3346 308 3421 ventrrtulur
324 3354 359 3425 A
386 3353 424 3428 in
443 3359 522 3460 Fig.
541 3389 574 3450 4.
603 3390 786 3464 partesque
814 3394 963 3453 internae
987 3386 1113 3464 astato
1133 3406 1285 3479 naturali
1312 3412 1401 3490 adeo
1426 3415 1551 3514 Fig.4.

48 3520 51 3525 ¹
88 3464 236 3518 remota
261 3470 335 3521 non
362 3450 506 3531 suerunt
531 3461 713 3551 inventae,
740 3490 889 3565 excepto
916 3498 1054 3556 tantum
1084 3493 1222 3593 oesopha
1249 3532 1302 3599 o,

82 3566 102 3611 a
124 3542 155 3612 B
186 3541 287 3644 usque
313 3546 356 3624 ad
372 3555 407 3627 C
435 3558 599 3632 nonnihil
626 3582 815 3675 contortus
841 3568 875 3637 dt
895 3571 1120 3686 Pbaryngem
1148 3601 1266 3673 versus
1290 3539 1400 3690 lolitud

82 3638 232 3715 tenuior
258 3657 616 3746 atqueacuminatior
632 3685 817 3761 apparuit,
840 3668 1025 3785 &quidem
1047 3685 1155 3797 adeo,
1184 3719 1406 3799 utapercurav

80 3737 228 3833 ejusD‚
256 3745 441 3862 aliassatir
457 3758 595 3854 ampla,
621 3760 684 3835 vix
702 3758 814 3857 pisunt
864 3768 884 3840 d
1234 3798 1241 3812 ‘

80 3863 329 4034 iarilctiesrtis’suqiil,ae
345 3851 555 4046 qqtgtsfafgrgq
572 3857 795 4059 iarisiprqeriii'ad
813 3969 975 4043 omniurn
996 3973 1171 4080 stuporem
1190 4002 1278 4073 cons
1277 4006 1394 4101 pediti

82 4035 147 4110 sese
177 4040 327 4139 prasens
362 4046 537 4126 delineata
563 4053 652 4131 stitit
691 4056 925 4178 excrescentia
953 4096 1111 4170 carnea,
1147 4117 1207 4188 per
1236 4103 1390 4179 medium

77 4134 148 4232 Fig.
165 4139 243 4212 r.&
255 4169 286 4234 3.
315 4144 349 4220 d.
368 4147 402 4218 d.
419 4152 452 4223 d.
480 4151 620 4248 divisa,
654 4182 730 4258 quae
756 4185 793 4231 rn
812 4164 925 4239 media
955 4172 1131 4283 oesophagi
1184 4219 1259 4268 arte
1287 4228 1395 4303 eaque
1413 4211 1528 4314 rign.
1540 4245 1571 4312 3.

78 4235 235 4329 postica,
261 4266 329 4339 qua
348 4243 452 4343 spina
470 4252 559 4325 dorsr
579 4256 736 4373 adjacet3
763 4255 908 4375 initium
936 4271 1056 4356 (circa
1071 4215 1181 4379 quod
1187 4292 1319 4392 aliquid
1331 4329 1389 4379 cu·

76 4332 214 4431 jusdam
235 4343 390 4417 materia
409 4350 545 4423 cruoris
562 4352 734 4451 inspissari
763 4357 805 4431 ad
818 4360 927 4438 rnliar
954 4379 1194 4475 cernebatur)
1219 4389 1388 4495 sument,

78 4435 116 4508 ad
136 4437 312 4530 Pylorutn
342 4444 546 4544 usquelsere
572 4452 641 4526 sese
669 4456 880 4550 extendens,
906 4466 1131 4567 longitudine
1152 4482 1301 4582 spatium
1330 4499 1390 4576 sex

79 4533 278 4635 digitorum
308 4548 616 4642 transversaliunr‚
642 4555 795 4629 craffrtie
822 4582 910 4635 vero
937 4566 1149 4651 lumbricum
1178 4583 1347 4688 infignem
1376 4655 1388 4692 ,

76 4654 144 4733 tant
176 4635 215 4707 in
235 4665 255 4701 a
282 4665 387 4734 quarn
415 4646 495 4723 ina
520 4651 677 4751 aequabat
688 4709 699 4747 ,
729 4653 826 4754 cujus
852 4663 960 4738 etiam·
989 4665 1114 4749 faciem
1143 4679 1264 4783 aliquo
1282 4698 1388 4772 modo

169 4739 264 4811 Tam.
282 4740 317 4810 V.
866 4851 868 4855 ‚
926 4765 995 4866 Qq
1244 4813 1338 4871 men·

1114 1365 1125 1401 ,
1161 1342 1284 1399 rerum
1312 1335 1419 1418 etiarn
1442 1330 1512 1416 9⁸3·
1532 1331 1601 1417 453·
