3709 5434
532 277 627 373 414
873 238 1302 342 ·Ac'rn

281 470 534 557 llll-:rumque
559 456 597 532 in
617 456 677 532 has
696 457 857 555 regiones
882 480 1042 531 venere.
1076 457 1127 528 Et
1155 450 1364 547 subjicietur
1381 450 1581 526 Annalibus
1610 452 1762 535 dedutlin

279 558 439 634 A⁰·¹7¹7·
460 558 703 658 Genealogicu
730 555 894 633 Guelfica
921 554 980 631 seu
997 551 1329 631 Brunsuicensis'ad
1358 549 1474 627 nostra
1502 552 1611 669 usque
1639 580 1759 658 tempo

279 634 326 695 Μ·
343 642 423 717 Αυὲ·
458 684 496 733 ra
524 684 566 732 eir
595 656 800 732 Tabulariis
827 680 926 731 eruta
954 711 966 744 ,
1000 656 1145 730 brevem
1181 652 1237 728 sed
1261 675 1464 729 accuratam
1491 651 1640 731 familia
1667 659 1759 736 totiur

443 757 659 834 ¹Historiam
687 758 901 858 complexa,
935 754 1173 831 eminentium
1196 755 1449 846 familiarum,
1482 754 1587 830 velut
1619 757 1755 834 Gibelli·

458 886 531 949 nae,
560 856 752 934 Aullriarae
780 857 914 931 veteris
943 859 976 929 δι
1005 883 1126 948 novar,
1156 854 1440 958 Andeguvensis,
1469 855 1656 957 Anglicae,
1678 858 1757 935 Selii·

458 956 566 1031 renfic
592 960 651 1032 seu
670 963 810 1033 Bavaro
829 956 998 1032 Palatinae
1025 959 1092 1031 dec.
1121 955 1354 1057 Genealogiis
1380 957 1489 1056 longe
1514 956 1652 1031 melius·
1669 985 1756 1061 quain

457 1058 629 1133 liadlenus
657 1056 883 1131 constitutis.
918 1061 985 1132 Per
1010 1059 1226 1131 documenta
1254 1058 1363 1141 etiam
1389 1053 1633 1132 constituetur
1657 1064 1755 1137 eride

457 1157 709 1259 Chronologia
727 1156 847 1232 Seculi
865 1157 952 1231 noni
981 1156 1166 1232 &decimi
1194 1183 1273 1231 cuin
1293 1178 1392 1258 parte
1415 1155 1539 1232 ostani
1566 1157 1607 1231 8(
1636 1161 1751 1236 undeci-

457 1259 508 1329 mi
527 1311 538 1347 ,
565 1283 640 1357 quae
668 1256 839 1333 hodierius
857 1257 958 1332 miris
976 1258 1130 1332 tenebris
1158 1257 1323 1332 involuta
1341 1255 1469 1348 luere,
1502 1255 1650 1356 adjefile'
1667 1260 1748 1335 etiam

458 1356 802 1448 Differtatiuncula,
829 1384 904 1460 quae
922 1357 1154 1433 inscribetur:
1186 1360 1312 1432 Flores
1330 1354 1435 1531 spurii
1463 1356 1500 1430 in
1520 1361 1694 1434 tumulum
1704 1364 1749 1463 Pa·

458 1457 573 1556 piffae,
601 1458 660 1532 ubi
676 1458 781 1533 novis
795 1457 905 1531 illatis
930 1458 969 1534 in
989 1457 1187 1534 Hilloriam
1217 1456 1343 1532 lumini
1373 1482 1411 1533 us
1437 1455 1556 1533 fibula
1572 1458 1636 1534 illa
1652 1462 1745 1560 explo-

457 1556 590 1647 detur,
617 1583 691 1657 quie
719 1557 802 1632 solis
829 1555 999 1634 haetenus
1025 1558 1180 1634 tenebris
1198 1556 1480 1658 Chronologicis
1506 1556 1540 1630 se
1569 1559 1746 1635 tuebatur.

457 1656 628 1753 Denique
655 1656 762 1731 ausim
781 1655 919 1749 dicere,
947 1658 1038 1734 nihil
1056 1660 1125 1732 tale
1151 1661 1194 1735 ad
1213 1656 1411 1732 Historiam
1432 1656 1589 1732 mediam
1610 1658 1745 1737 hedenus

459 1754 656 1852 prodiille,
683 1758 719 1830 in
738 1784 813 1859 quo
837 1782 911 1833 tani
930 1759 1036 1833 multi
1062 1758 1143 1832 sunt
1168 1757 1295 1834 sublati
1322 1778 1462 1833 errores
1485 1758 1525 1832 in
1544 1760 1682 1860 Imperii
1703 1786 1744 1833 re·

457 1856 522 1947 bus
549 1882 612 1955 per
631 1858 866 1931 Germaniam
894 1859 1138 1959 Italiamque,
1165 1862 1200 1934 &
1220 1856 1327 1932 resin
1346 1857 1498 1933 clariore
1525 1861 1606 1932 luce
1631 1858 1744 1960 pofitae.

456 1953 549 2029 Bina
567 1957 873 2032 eruotvolumina
890 1958 1019 2033 infolii
1040 1958 1179 2049 formu,
1206 1980 1410 2042 utineam,
1435 1959 1590 2041 Tabulis
1600 1961 1744 2041 meiere·

454 2076 573 2128 terum
602 2081 949 2152 monumentorum,
976 2062 1307 2154 documentorum,
1334 2057 1556 2159 figilloruin,
1583 2062 1744 2137 numisma·

455 2176 532 2227 tuin
550 2178 693 2231 ornata.

504 2255 561 2325 Ex
588 2253 703 2329 literis
720 2258 819 2331 Clar.
838 2259 1030 2333 Erkbardri
1081 2259 1142 2360 qui
1161 2259 1198 2335 in
1212 2266 1364 2334 'munere
1381 2256 1664 2364 Historiograplii
1680 2266 1743 2337 Do

452 2375 532 2424 nius
548 2354 810 2431 Brunsuicensis
831 2312 1188 2459 leibnitiofaeeffit,
1216 2359 1407 2449 habemur,
1422 2365 1518 2461 quod
1538 2364 1603 2439 Vir
1615 2361 1743 2435 illustris

453 2450 649 2528 Trallutur
664 2455 708 2530 de
725 2457 962 2533 Naturalibus
982 2459 1139 2561 regionis
1157 2480 1298 2533 tantum
1310 2459 1427 2533 ideam
1445 2464 1628 2560 quandam,
1642 2486 1735 2559 quarn

453 2550 577 2625 animo
597 2579 830 2655 conceperat,
858 2559 895 2631 in
914 2559 1048 2634 schedis
1067 2558 1405 2646 luisdelineaveri13
1434 2561 1475 2635 de
1491 2559 1740 2661 migrationibus

452 2651 616 2749 gentium
630 2662 722 2729 'vero
734 2655 829 2731 nihil
848 2658 962 2733 adhuc
981 2661 1018 2733 in
1041 2660 1201 2735 chartam
1221 2655 1436 2755 conjecerit.
1464 2662 1507 2734 In
1527 2657 1740 2762 iplaHillorii

450 2748 494 2823 ab
513 2750 621 2827 initio
642 2757 742 2857 regni
760 2761 878 2833 Caroli
894 2763 962 2845 M.¹
978 2760 1082 2862 usque
1101 2760 1144 2835 ad
1164 2766 1335 2851 An.1005
1357 2760 1540 2859 pervenit.
1568 2759 1739 2836 Deduilio·

335 2890 338 2897 ‹
448 2874 511 2923 ires
527 2852 795 2955 chronologicae
813 2884 959 2951 omnes,
988 2884 1113 2958 preter
1131 2858 1284 2956 majores
1300 2860 1681 2959 AzonirMarchionis,
1695 2861 1737 2934 de·

448 2948 579 3024 bentur
597 2952 711 3028 studio
728 2957 924 3030 Eclebardtr'
933 3011 944 3045 ,
961 2961 1068 3031 etiarn
1089 2959 1225 3059 reliqua
1243 2957 1462 3059 suppleturi,
1487 2987 1566 3062 quar
1584 2961 1737 3038 adhucd-

447 3045 665 3125 siderantur.
692 3054 793 3127 Idem
813 3050 906 3168 lpeni
925 3055 1035 3148 facit,
1061 3057 1138 3131 lore
1157 3080 1196 3134 ut
1215 3058 1287 3133 duo
1306 3059 1420 3135 Tomi
1441 3061 1609 3176 priores,
1634 3064 1667 3134 iii
1681 3060 1738 3161 qui·

395 3174 398 3180 ·
447 3143 511 3259 but
529 3147 614 3222 nodi
633 3149 839 3228 difficillimi
858 3156 1080 3269 genealogici
1098 3158 1288 3233 solvuntur
1306 3161 1339 3234 ἃ
1360 3161 1516 3261 origines
1536 3164 1687 3238 omnium
1702 3161 1717 3234 f
1727 3202 1738 3219 ·

446 3245 631 3323 miliorum
652 3248 838 3327 illustrium
860 3281 897 3329 in
911 3258 1059 3357 Europa
1077 3284 1118 3332 ex
1147 3259 1325 3349 licuntur,
1352 3284 1448 3335 anno
1465 3261 1633 3363 sequente
1650 3265 1680 3337 iii
1695 3290 1739 3362 pu·

447 3341 580 3423 blicum
607 3351 805 3450 prodeant.
834 3358 967 3431 Cetera
984 3383 1072 3432 vero
1100 3284 1145 3434 ai
1163 3364 1273 3434 Anno
1292 3362 1448 3435 Domini
1469 3386 1531 3439 102
1540 3387 1556 3456 5
1589 3363 1683 3466 usque
1705 3361 1736 3435 ad

446 3447 594 3558 Otronem
623 3452 776 3564 primum
796 3455 940 3535 Ducem
961 3456 1253 3534 Brunsuicensem
1281 3460 1316 3534 δι
1343 3464 1651 3565 Luneburgenleni
1674 3486 1738 3543 aute

371 3582 375 3603 =
444 3566 730 3648 quinquennium
748 3553 812 3630 virt
827 3560 1105 3659 comparebunt.
