3709 5434
40 361 43 404 r
358 300 1150 411 Subrium..Tom.V.
1257 341 1356 449 197

181 541 302 622 reparo
328 546 392 596 nec
420 543 535 618 parua
562 542 637 592 nec.
652 542 781 620 magna
799 515 954 595 nimium
972 517 1039 599 est.
1067 517 1139 595 Hit
1157 516 1429 617 animadversa,
1448 542 1539 608 Tomi
1568 541 1610 609 v.

116 549 186 699 :dd
254 623 377 696 oderis
412 618 532 695 casam
559 617 599 691 in
625 642 705 691 acre
730 617 935 696 inchoantis
961 618 1076 718 prima
1103 618 1281 696 velocitas
1304 647 1356 701 2:
1378 650 1395 697 ι
1415 622 1604 768 ,poppleto-

40 787 41 790 ,
117 649 277 821 ῆςυὶιζω
304 719 618 820 quantulacunque
643 714 883 819 supponatur,
907 743 983 793 non
1009 717 1057 794 oli
1083 743 1197 794 nro:
1225 719 1430 822 litqaesa
1463 721 1479 767 θ
1521 700 1615 768 vm·

40 811 46 856 l
118 821 237 897 ultima
265 822 469 908 uelocitas,
501 841 607 915 quam
644 815 899 916 adipisceretur
924 843 970 892 ct
996 815 1212 918 aliquapiam
1238 819 1432 898 altitudine

118 920 208 996 intra
236 920 327 994 aeris
353 919 520 1017 sphaeram
545 912 759 993 descendens
786 947 795 991 ε
825 914 895 992 erit
922 916 1094 993 velocitas
1117 916 1233 996 media
1260 917 1434 997 arithme-

118 1019 258 1113 tica-ee}
315 1026 338 1117 ξ
394 1045 435 1090 ae.
529 1051 533 1058 ¹
686 1053 689 1058 ·
846 1081 853 1094 ,
1070 1051 1074 1060 ·
1150 1053 1196 1066 ··

116 1187 119 1194 .
162 1019 496 1212 Quonbmilrturem
524 1141 657 1218 graue,
682 1116 780 1219 quod
806 1142 924 1196 acrem
954 1116 1119 1198 deorsum
1189 1145 1326 1216 emeat,
1350 1122 1428 1223 plus
1447 1140 1518 1225 vag.
1544 1159 1613 1222 34¹·

114 1240 233 1294 mutus
258 1218 301 1294 ad
328 1214 608 1293 descendendum
636 1215 875 1334 babctquam
902 1211 1086 1319 impendit
1115 1246 1133 1294 a
1186 1219 1288 1297 illum
1314 1247 1434 1301 acrem

117 1319 157 1391 de
184 1317 241 1391 via
269 1316 558 1404 dimovendum
585 1315 643 1393 hic
670 1317 906 1420 intelligimus
932 1318 1105 1408 numeti3
1133 1317 1192 1394 bic
1213 1321 1366 1397 unitates
1379 1343 1435 1398 re·

138 1414 319 1492 rasentme
336 1415 442 1520 spatii
495 1417 691 1509 articulus,
715 1443 793 1521 qua
819 1415 960 1520 singulae
987 1416 1056 1493 sint
1084 1417 1265 1511 minoret,
1289 1423 1435 1535 quando

117 1443 214 1618 buius
241 1518 386 1594 numeri
419 1443 521 1594 radix
547 1518 720 1619 quadrata
743 1518 815 1617 ,lx
848 1513 952 1593 nobis
987 1513 1162 1617 significat
1200 1521 1436 1596 velocitatum

118 1615 314 1709 variarum,
340 1643 422 1693 cum
460 1621 562 1695 uibus
578 1643 639 1694 aer
657 1644 719 1719 per
739 1615 811 1693 hac
832 1614 851 1691 s
871 1612 1437 1720 atioladiffususecceleratoqra·

116 1714 151 1790 ai
173 1717 344 1792 decedere
491 1743 639 1818 ,quam
665 1743 776 1820 quum
800 1646 925 1808 eadem
951 1715 1055 1794 radix
1082 1719 1256 1818 quadrata
1272 1722 1345 1818 ,lx
1363 1743 1436 1794 rna·

121 1813 243 1892 tinam
272 1815 434 1914 ejusdem
462 1817 582 1919 gravis
599 1817 828 1893 velocitatem
846 1815 980 1892 ultimo
998 1814 1179 1902 descensus
1197 1842 1259 1919 per
1276 1817 1435 1893 medium

123 1939 255 1990 uacuum
291 1942 481 1992 momento
507 1917 715 2020 acquisitam
741 1917 981 2019 exprimeret.
1006 1916 1205 1994 Secundum
1221 1915 1435 2020 hypothesin

124 2014 261 2109 Galilei,
292 2020 388 2092 ratio
415 2016 674 2109 altitudinum,
700 2018 793 2094 unde
819 2015 945 2118 gravia
963 2014 1142 2094 inmedio
1159 2016 1277 2093 libero
1295 2015 1437 2094 descen·

120 2115 263 2210 derent,
293 2143 367 2194 non
394 2118 463 2194 alia
490 2117 596 2194 datur
620 2143 729 2234 quam
757 2118 1015 2219 quadratorum
1044 2145 1067 2188 a
1092 2113 1273 2195 fastorum
1298 2140 1345 2193 ex
1372 2142 1436 2191 nu-

117 2213 216 2290 meris
238 2217 316 2316 ,sa
343 2218 552 2293 velocitates
580 2219 710 2293 ultimo
736 2214 881 2293 instanti
909 2214 1096 2320 acquisitas
1121 2214 1195 2293 fiae
1213 2240 1376 2319 tempora
1393 2213 1436 2289 il·

116 2311 404 2416 lasacquirendo
430 2317 608 2420 insumpta
635 2343 677 2394 ex
705 2316 943 2394 timentiburr
974 2323 1026 2393 At
1050 2314 1182 2392 habitis
1197 2343 1239 2393 ea
1255 2316 1299 2391 de
1318 2341 1357 2391 re
1373 2312 1436 2389 ob-

115 2410 372 2492 servationibus
396 2443 621 2518 compertum
647 2346 702 2494 ed
724 2417 874 2519 lingulas
901 2413 1044 2513 hujusce
1070 2416 1276 2518 quadraria
1298 2413 1434 2515 adspa-

112 2512 200 2590 rium
229 2516 337 2591 relati
363 2516 522 2594 unitates
545 2519 729 2714 adaequare
754 2515 963 2617 quindecim
991 2515 1096 2614 pedes
1124 2514 1321 2606 Parisinus,
1345 2537 1435 2625 qup-

108 2609 173 2688 ries
202 2640 424 2716 unaquaque
459 2618 578 2692 unitas
657 2645 680 2688 at
706 2614 749 2690 td
775 2638 917 2780 tempus
944 2612 1049 2720 relati
1077 2636 1145 2707 pto
1178 2636 1252 2723 uno
1287 2611 1436 2686 horario

95 2709 265 2786 secundo
292 2714 510 2787 assumitur.
537 2719 638 2786 Dum
667 2737 754 2807 ergo
780 2710 823 2781 de
866 2711 937 2779 ola·
953 2729 1047 2779 acras
1070 2707 1280 2780 cadentibus
1306 2705 1439 2818 poqde·

102 2811 207 2884 ribus
233 2810 340 2886 obvii
366 2807 572 2909 etpulfione
598 2803 844 2907 questionu,
864 2800 1086 2899 q'ttautitarat
1101 2802 1207 2875 debet
1233 2803 1338 2882 conci
1364 2826 1439 2877 tex

106 2908 311 2984 unitatibus
334 2907 528 3005 composta
556 2897 776 2988 minoribus,
794 2922 955 2998 ‚quarum
982 2895 1120 2970 scilicet
1147 2896 1320 3000 lingulis
1361 2899 1437 2999 spa.

110 3008 199 3082 tium
229 3008 345 3081 relata
371 3009 473 3102 pedes
498 3003 615 3076 valeat
643 3023 720 3073 non
749 3019 788 3087 ις
818 2995 876 3069 sed
909 3017 1014 3083 retr,
1039 2992 1099 3069 ubi
1117 2994 1190 3068 reli
1218 2993 1436 3075 nificettum

115 3130 218 3182 unum
247 3106 293 3180 de
319 3102 478 3178 numeris
502 3098 626 3175 sraelis
652 3096 770 3197 abr-1}
798 3118 908 3198 usque
935 3093 979 3170 ad
1006 3096 1052 3194 ξ,
1076 3022 1330 3212 tumab'quem
1356 3122 1438 3178 om·

119 3205 210 3281 nium
237 3204 340 3305 supra
367 3201 544 3279 unitatem
571 3221 809 3275 numerorum
832 3196 1093 3296 integrorum.
1130 3195 1195 3270 Fit
1220 3217 1344 3296 itaque
1370 3223 1436 3273 no·

144 3368 152 3386 ,
188 3333 225 3380 3.
242 3332 254 3377 1
393 3332 416 3378 8
887 3357 898 3375 ο
1356 3357 1364 3372 ·
1408 3358 1418 3376 ο

118 3370 171 3445 brt
188 3408 282 3465 -,
308 3370 368 3450 scu
392 3422 428 3506 ἦ
454 3363 657 3471 expressio,
682 3359 820 3464 semper
847 3382 969 3437 minor
995 3382 1103 3460 quam
1136 3381 1234 3453 152,
1259 3355 1437 3459 multipli-

214 3469 244 3513 ”
351 3549 500 3649 stus

124 3618 225 3696 canda
249 3645 312 3720 per
339 3659 543 3758 -3--,
569 3640 609 3693 ut
639 3611 855 3714 producatur
880 3607 1065 3713 quantitas
1090 3612 1304 3706 (κ-Ι-κᾳι
1322 3618 1340 3701 )
1356 3638 1365 3685 e
1380 3635 1435 3684 tar

120 3780 181 3857 suis
204 3783 405 3861 unitatibus
440 3808 517 3868 tam,
543 3779 587 3856 ad
613 3777 766 3897 spatium
804 3775 857 3851 uti
884 3774 927 3851 ad
955 3769 1122 3848 emaum
1150 3794 1257 3873 quam
1285 3772 1329 3888 qd
1356 3800 1434 3850 mo·

122 3876 188 3957 tum
215 3884 267 3960 uti
295 3885 342 3960 ad
369 3881 508 3959 causam
537 3882 687 3956 relatiua
716 3874 800 3964 rbi
829 3877 872 3952 ad
900 3895 1040 3950 motum
1069 3869 1200 3946 referre
1225 3872 1343 3964 velis,
1374 3898 1434 3948 er·

123 3983 238 4080 primet
265 3983 513 4087 quantitatem
541 4004 659 4054 motus
686 3976 897 4080 agravibus
914 3971 987 4050 aeri
1006 3971 1305 4074 imprimendam,
1332 3994 1372 4047 ut
1390 3972 1432 4046 li·

123 4080 154 4155 bi
175 4082 293 4183 suapte
324 4084 363 4156 vi
390 4080 679 4156 descendentibus
706 4085 749 4154 de
777 4078 859 4152 loco
886 4070 1062 4160 decedat3
1086 4070 1111 4147 fi
1139 4069 1269 4156 reseras
1294 4071 1338 4148 ad
1356 4068 1432 4171 spt-

123 4181 223 4274 tium‚
248 4210 362 4286 quum
390 4181 536 4256 effeblus
562 4178 632 4254 suis
656 4176 764 4253 causta
790 4173 857 4252 lint
877 4170 1184 4275 proportionales,
1207 4170 1277 4246 etit
1294 4166 1432 4268 expres·

124 4277 166 4353 so
189 4280 206 4353 l
227 4285 294 4359 atii
325 4309 385 4381 per
415 4287 516 4382 pedes
545 4278 650 4353 menst
677 4275 776 4379 quod
809 4286 825 4367 (
853 4296 1000 4375 propter
1025 4271 1183 4346 amissam
1208 4271 1248 4344 in
1274 4267 1431 4370 pondere

125 4310 273 4459 deorsttm
313 4405 416 4457 moto
443 4383 478 4454 dr
507 4379 709 4477 imprell‘am
745 4378 821 4449 aeri
845 4369 1073 4486 demorendo
1108 4393 1226 4448 motus
1261 4376 1431 4484 part'ctn)

125 4479 269 4558 demitur
298 4481 427 4579 majori
456 4478 571 4576 spatio
599 4484 725 4576 pedum
758 4500 834 4571 15ae
854 4500 914 4575 per
940 4472 1037 4574 quod
1063 4493 1159 4545 rutra
1186 4470 1343 4546 medium
1370 4490 1432 4540 va·

125 4603 217 4653 cuum
247 4582 306 4660 seu
331 4578 726 4666 omnimodeliberum
754 4576 847 4650 idem
877 4578 1014 4676 pondus
1047 4595 1212 4667 tempore
1246 4591 1309 4667 per
1334 4565 1428 4642 scru-
1449 4575 1520 4665 Pap
1540 4584 1611 4659 34a3

126 4678 197 4788 pult
215 4682 364 4763 secunda
383 4703 591 4783 computato
600 4677 844 4755 descenderet.
871 4669 1173 4762 Hincbabtmus(
1186 4693 1226 4767 ¹5
1238 4693 1436 4743 r-a-a

1304 4766 1389 4872 ssa)
