3709 5434
540 189 640 328 598
894 183 1302 334 ‹AcTA

280 424 442 494 AllErud.
460 405 500 485 lit
520 401 690 507 propofiti
718 398 847 474 vadum
865 415 1036 484 tentare,
1071 391 1128 466 led
1156 390 1187 463 ei
1209 405 1349 463 tantum
1372 403 1383 483 ᾗ
1409 394 1466 465 eui
1488 397 1585 470 male
1606 405 1717 497 vult,
1743 417 1771 488 ἀ

282 518 436 582 numm.
460 533 565 610 quem
585 524 730 600 cuperet
748 494 935 571 solutionis
955 519 1025 566 non
1046 515 1212 588 capacem
1224 489 1323 580 fore,
1342 514 1423 564 eunt
1438 518 1583 571 tanturn
1606 499 1770 602 infinem,

282 588 328 650 Μ·
347 587 438 657 Mffl·
462 634 535 707 quo
553 603 667 704 pollen
685 627 727 672 err
745 594 840 669 illius
864 593 958 692 quali
977 587 1191 662 infirmitate
1211 588 1427 687 triumphet.

514 702 725 794 Exemplum
745 690 949 786 hujusmodi
967 687 1166 761 indecentis
1184 690 1575 787 provocationisdedit
1589 702 1762 783 nobisHo·

462 831 524 882 mo
551 802 694 901 quidam
713 795 870 870 natione
889 793 1044 878 Scotus,
1071 788 1134 889 qui
1162 812 1199 861 ut
1220 790 1311 887 apud
1333 787 1411 862 suos
1431 791 1592 892 impuris
1618 800 1764 883 inclaruit

463 902 638 987 moribus,
667 897 717 968 ita
736 892 826 991 apud
839 896 992 963 Exteros
1009 887 1079 985 jam
1101 888 1221 984 passim
1240 911 1347 961 notua
1364 891 1451 963 odio
1472 897 1665 995 plusquam
1679 908 1762 981 Vati.

462 1001 571 1078 niano
588 1022 662 1095 quo
678 992 828 1092 flagrat,
854 990 890 1063 in
910 988 1003 1086 ipsos
1022 987 1212 1086 prasertim
1228 992 1453 1078 Germanos,
1485 993 1600 1094 usque
1619 1002 1758 1079 adeoirn·

485 1095 648 1182 meabili,
677 1116 714 1164 ut
744 1113 824 1164 cum
844 1090 920 1162 aliis
939 1088 990 1160 sui
1009 1087 1177 1159 similibus
1205 1085 1267 1160 fibi
1288 1086 1493 1185 persuadeat
1513 1147 1523 1180 ,
1557 1101 1652 1194 quod
1667 1101 1698 1175 in
1714 1131 1752 1180 ru

460 1126 613 1272 bicitate
633 1191 778 1265 modurn
808 1190 976 1263 excedere
1004 1186 1226 1284 nonpossint
1253 1212 1334 1260 cum
1351 1192 1554 1265 Germanis
1573 1221 1751 1277 controver·
1806 1203 1807 1234 ¹

463 1317 599 1380 rentes,
626 1288 724 1386 cujus
752 1291 896 1391 quidem
924 1288 985 1359 ille
1004 1287 1142 1361 caulam
1170 1311 1242 1359 non
1258 1287 1364 1361 aliam
1385 1290 1520 1383 babet,
1553 1320 1654 1392 quum
1677 1306 1749 1401 quod

459 1415 562 1495 ¹putet
596 1391 659 1463 hos
689 1418 757 1490 pra
773 1392 850 1465 aliis
869 1385 1021 1462 resistere
1049 1385 1250 1465 immodica
1276 1387 1499 1481 ambitioni,
1526 1418 1602 1491 qua
1627 1424 1748 1476 ortoeta·

464 1515 519 1568 tus
553 1490 722 1591 quicquid
751 1491 919 1566 hailenus
955 1488 1143 1560 inventum
1178 1483 1225 1557 est
1253 1488 1482 1583 popularibus
1509 1491 1584 1566 luis
1616 1524 1744 1599 arrogare

463 1590 670 1670 contendit.
699 1592 839 1664 Mirum
860 1587 1043 1688 profedlo,
1070 1585 1165 1683 quod
1184 1585 1337 1675 inclytus
1349 1590 1584 1682 Newtonus,
1610 1585 1742 1688 cnjusin'a

463 1691 585 1790 genria
615 1691 741 1764 merita
761 1690 953 1788 suspiciunt
982 1711 1106 1759 ornnes
1126 1682 1203 1756 veti
1231 1710 1349 1758 rerum
1377 1688 1606 1784 pulchrarum
1621 1696 1738 1771 AEssitnt·

464 1812 591 1880 tores,
618 1793 726 1866 talem
757 1817 829 1864 non
857 1787 1017 1887 repudiet
1037 1784 1248 1875 vindicem,
1277 1811 1386 1883 aquo
1413 1788 1494 1862 l'ane
1521 1793 1739 1895 laudariturpe

465 1888 554 1962 milri
572 1890 759 1981 ducerem,
787 1887 984 1987 vituperari
1005 1883 1211 1958 honestum:
1242 1882 1395 1957 Nollros
1415 1885 1436 1958 fi
1456 1890 1652 1968 admitteret
1666 1897 1739 1993 plau·

465 1984 519 2062 sus
535 1988 604 2061 Vir
622 1990 811 2091 egregius,
841 1988 862 2061 st
892 1986 1007 2061 nostra
1036 1984 1097 2081 ipfi
1118 1986 1294 2081 placerent
1314 1988 1485 2082 praeconia
1502 2042 1514 2079 ,
1542 1994 1591 2066 uti
1608 1992 1679 2066 sunt
1692 1994 1740 2067 stn-

467 2112 547 2161 crra
565 2112 672 2190 atque
689 2118 709 2163 a
729 2091 883 2189 partium
903 2086 1017 2159 studio
1037 2084 1181 2173 aliena,
1209 2083 1259 2155 ita
1278 2084 1389 2182 magis
1416 2084 1532 2162 forent
1547 2092 1644 2167 solida
1660 2118 1693 2166 ac
1707 2090 1739 2165 fi·

466 2186 508 2262 de
530 2193 642 2290 magis
662 2192 767 2289 digna
785 2188 907 2263 saltem
935 2189 1026 2280 apud
1045 2208 1103 2255 eos
1122 2237 1133 2274 ,
1161 2183 1224 2284 qui
1242 2183 1389 2258 nonnisr
1407 2213 1449 2262 ex
1463 2190 1602 2265 aliorum
1618 2191 1738 2290 judicio

465 2287 508 2362 de
526 2290 627 2361 rebus
646 2290 724 2386 ipfis
740 2288 896 2384 judicare
916 2288 1058 2360 valent.
1806 2381 1807 2386 ἵ

432 2457 438 2464 .
515 2388 625 2479 Quod
651 2393 771 2488 itaque
790 2387 920 2461 attinet
950 2387 992 2460 ad
1019 2384 1272 2482 Aggrelsorem
1302 2385 1443 2460 nollrum
1461 2439 1474 2475 ,
1494 2384 1550 2484 qui
1567 2387 1733 2461 nominati
1806 2389 1807 2402 ³

465 2511 538 2560 non
559 2508 742 2572 meretur,
769 2488 853 2560 tulit
882 2486 942 2556 ille
960 2486 1142 2582 aegerrime
1166 2485 1337 2581 quosdam
1361 2509 1449 2560 ame
1465 2507 1596 2560 notatos
1613 2511 1735 2559 errores
1806 2493 1807 2566 s

466 2583 505 2659 in
525 2583 653 2657 Philus.
672 2608 787 2658 natur.
807 2584 1000 2678 Principiis
1020 2585 1219 2674 Newtoni,
1246 2612 1335 2683 quos
1352 2586 1388 2659 in
1403 2583 1589 2681 Ablisbipl.
1603 2611 1733 2680 an.1713
1806 2587 1807 2642 ἶ

465 2683 629 2771 correxi,
656 2683 745 2758 falfis
762 2683 1043 2772 verasubllitui,
1071 2708 1111 2756 ac
1129 2682 1285 2757 deirebus
1305 2685 1441 2784 aliquos
1466 2685 1630 2783 suppleri,
1652 2707 1734 2755 tanto

466 2805 583 2857 cetera
601 2784 755 2856 candore
773 2786 807 2856 δι
824 2781 992 2859 modestia
1011 2779 1117 2873 usus,
1145 2807 1182 2856 ut
1204 2786 1413 2859 Newtonut
1429 2785 1528 2887 ipse,
1551 2784 1606 2880 qui
1626 2783 1657 2855 io
1679 2780 1731 2854 lire

467 2881 684 2978 praelationis
701 2882 767 2956 boc
787 2883 967 2955 aLedlore
986 2881 1171 2979 suopetit,
1191 2907 1263 2956 non
1283 2907 1425 2959 tantum
1445 2881 1727 2960 nonoffenlusmeir

462 2982 785 3072 annotationibus,
814 2981 870 3055 sed
891 3006 929 3055 ut
948 2980 1064 3080 pollen
1082 2980 1244 3055 intellexi
1264 2984 1309 3057 ab
1324 2987 1455 3060 Amico
1476 2982 1665 3073 communi,
1683 2976 1727 3078 qui

464 3082 657 3151 Newtono
676 3081 912 3155 ‘familiariter
941 3080 1075 3168 utitur,
1102 3079 1226 3154 iisdem
1255 3081 1346 3156 haud
1368 3111 1496 3181 parum
1515 3083 1669 3164 devindut
1686 3075 1724 3147 rs·

465 3173 500 3250 se
520 3174 729 3265 videretur5
765 3203 830 3251 nec
857 3179 1001 3269 miror,
1029 3178 1107 3277 quis
1134 3180 1231 3256 enim
1260 3181 1420 3256 ueritatis¹
1446 3210 1573 3259 amans
1591 3182 1619 3254 in
1631 3198 1723 3250 errore

465 3273 549 3345 licet
570 3274 698 3349 inl'cius
719 3277 940 3377 perseverare
967 3280 1111 3372 mallet,
1135 3305 1242 3380 quam
1262 3282 1335 3376 ejus
1351 3284 1571 3359 admoneri?
1593 3298 1730 3374 cumpra-

463 3373 584 3448 sertim
612 3401 655 3447 eo
683 3375 753 3470 jam
774 3401 921 3451 ventum
941 3378 1046 3468 elset,
1074 3403 1112 3452 ut
1130 3382 1243 3453 altera
1261 3381 1532 3481 Principiorum
1544 3380 1652 3457 Editio
1670 3397 1730 3474 pru·
1806 3395 1807 3420 ³

465 3473 501 3542 lo
522 3471 595 3569 poll
622 3473 659 3546 in
679 3478 794 3550 lucem
813 3478 994 3578 prodiret3
1022 3478 1119 3576 quod
1139 3480 1243 3577 proin
1271 3482 1413 3580 elegans
1431 3509 1517 3580 opus
1533 3481 1646 3555 iisdem
1655 3473 1733 3548 uerit

465 3571 716 3648 dedecoratum
745 3603 824 3650 com
853 3577 1024 3669 aruisset,
1052 3576 1116 3653 nifi
1135 3579 1248 3654 amica
1274 3582 1390 3658 nostra
1415 3582 1648 3683 interpellatio
1668 3595 1734 3647 tem·

465 3669 595 3770 pellive
623 3605 888 3750 interveniliit.

282 3790 442 3878 papa&
516 3773 599 3843 Hoc
622 3799 737 3863 vero,
765 3798 803 3846 ut
824 3775 932 3849 modo
950 3776 1054 3868 dixi,
1082 3779 1278 3854 momordit
1301 3782 1740 3883 Antagonistaerotum,
1806 3843 1807 3852 χ

463 3867 589 3968 quast,
615 3874 709 3967 quod
731 3872 918 3948 ridiculum
938 3930 951 3967 ,
976 3879 1049 3952 toti
1069 3881 1134 3957 sure
1150 3878 1302 3956 losulari
1321 3885 1480 3958 Netioui
1497 3867 1739 3984 ignominiosum
1806 3905 1807 3970 3

463 3968 576 4055 ‘ffers
616 3969 827 4046 Britannum
856 3978 1167 4053 anon-Britanno
1192 3982 1359 4082 corrigi,
1383 3983 1564 4083 lapsusque
1586 4004 1603 4052 a
1624 3973 1744 4047 summo
1806 3979 1807 4072 j

462 4072 661 4180 Geometra
683 4073 885 4150 commissos
911 4079 1029 4175 detegi
1057 4084 1296 4158 aGeornetra
1321 4084 1477 4182 quodam
1504 4072 1668 4158 inferioris
1683 4066 1748 4142 iub·
1806 4089 1807 4104 ¹

461 4163 576 4241 lelln.
604 4168 836 4244 Diffirnulato
856 4175 1061 4273 aliquandiu
1078 4181 1202 4254 dolore
1221 4206 1303 4256 cum
1322 4183 1406 4256 lites
1421 4183 1572 4258 interim
1588 4167 1750 4253 luleitallnt

466 4287 596 4364 magno
615 4270 794 4369 quondum
814 4273 1019 4369 leibnitio,
1046 4280 1194 4371 voluit,
1220 4305 1259 4356 ut
1289 4307 1382 4357 nune
1399 4307 1551 4382 appetet
1577 4280 1614 4352 in
1627 4274 1693 4347 suns
1707 4289 1752 4344 ¹³⁶

465 4365 606 4440 trahere
627 4394 740 4465 partes
760 4372 881 4446 multis
909 4375 946 4449 in
968 4404 1023 4451 me
1043 4381 1217 4478 congestis
1235 4382 1408 4458 encomiis
1434 4384 1470 4454 δι
1494 4385 1672 4458 honorum
1686 4368 1754 4446 titu-

459 4462 504 4537 lis
533 4464 569 4536 in
589 4468 709 4569 aliquo
730 4498 856 4550 contra
871 4474 1092 4555 Leibnitium
1111 4482 1245 4582 scripto
1261 4484 1360 4558 edito
1385 4485 1424 4559 in
1441 4484 1580 4561 Dinrio
1593 4466 1755 4577 Hagienlir
1806 4477 1807 4550 }

460 4564 531 4642 seu
547 4589 629 4646 cum
648 4572 748 4652 vnn
768 4574 1044 4656 tonsuram:
1060 4581 1211 4662 nerem
1229 4612 1286 4661 ma
1304 4584 1532 4688 ramniu,
1547 4562 1758 4751 nouiss‘trd

1673 4700 1684 4745 r
1701 4695 1731 4768 ι)
