3709 5434
389 226 1346 397 Eau'nanoanu;319

120 447 312 555 glaudinem
340 445 580 527 diffitentiam
599 451 848 531 declinationis
863 453 1015 558 gradum
1041 487 1152 541 unum
1171 492 1252 544 cum
1271 470 1423 553 dimidio
1433 498 1496 566 aa,
1505 503 1593 570 Eme

40 557 57 605 u
118 578 186 630 noo
200 549 395 626 excessisse.
415 551 713 629 Declinationetn
727 561 899 656 magnetis
917 562 1054 659 primus
1072 565 1337 663 deprehendisse
1352 575 1419 655 scr·
1442 550 1601 669 bnans.
1661 576 1668 583 ‘

118 680 172 730 tur
191 658 236 729 A.
249 674 340 746 1549
359 654 512 725 Cabum
529 674 635 730 nauta
654 655 840 746 Venerut3
866 658 923 734 sed
942 663 1072 735 Desirle
1098 665 1231 743 dicitur
1248 675 1422 771 possidere
1436 659 1600 751 smmi

40 770 48 836 ἰ
115 757 215 832 MSS.
233 752 392 829 naucleri
410 752 590 849 cujurdant
601 754 829 854 Dieppensu,
847 760 904 833 cui
921 764 1098 859 Crignum'i
1114 792 1246 843 nornen
1265 771 1355 867 suit,
1375 762 1440 859 A(

117 881 153 949 ις
161 882 204 950 34
219 854 373 928 Chabora
400 852 451 926 rei
471 854 657 931 matitimae
676 855 847 935 rualeno
863 858 1085 954 dedicatum,
1111 866 1236 966 inquo
1253 869 1324 967 jam
1345 877 1421 973 ejue

113 956 247 1029 mentio
263 951 347 1028 fiat.
370 953 623 1029 variationem
642 982 724 1031 acus
743 958 958 1058 magnetica
976 961 1109 1061 primus
1126 968 1323 1046 observasse
1343 1002 1420 1073 pee-

112 1055 255 1130 hibetur
269 1054 481 1146 Gaffeedes.
506 1055 701 1131 Adduntur
719 1057 789 1132 alia
811 1061 856 1135 ad
875 1059 1060 1135 historiam
1079 1069 1284 1165 magnetica
1311 1073 1419 1150 decli·

108 1155 264 1229 nationis
281 1154 490 1254 speslautia.
514 1157 668 1252 Bissereg
683 1159 888 1239 Anatomiae
905 1161 941 1234 dr
955 1161 1136 1241 Botanicae
1146 1167 1329 1245 Professor
1350 1175 1419 1249 Ve-

40 1308 42 1321 .
107 1254 266 1329 suntinut
292 1279 481 1330 cavernam
508 1254 547 1328 in
575 1257 753 1331 comitatu
780 1261 996 1359 Burgundiae
1019 1261 1122 1336 suam
1149 1266 1347 1363 describit,
1378 1275 1419 1350 iu

40 1340 44 1387 ¹
109 1381 174 1456 qua
191 1353 304 1428 aestate
331 1378 390 1427 aer
405 1353 572 1453 frigidior
598 1382 705 1456 quam
725 1357 872 1449 hicme,
899 1361 951 1435 ita
970 1386 1009 1435 ut
1026 1360 1141 1437 astate
1158 1366 1286 1464 glacies
1313 1370 1349 1444 in
1378 1398 1418 1449 ec

112 1453 327 1545 concrescat,
355 1481 433 1555 qun
447 1454 566 1530 hieme
585 1457 699 1529 rursus
717 1456 754 1529 in
774 1484 902 1557 aquam
920 1462 1138 1538 resolvitur:
1159 1488 1356 1569 notaturque
1367 1474 1418 1545 di·

136 1577 216 1629 num
234 1554 314 1646 eli,
339 1557 436 1655 quod
460 1581 534 1655 quo
550 1556 720 1631 intensior
748 1555 857 1632 suerit
874 1561 972 1634 calor
990 1559 1153 1652 aeslivut,
1179 1590 1224 1640 eo
1242 1568 1419 1666 copiosior

137 1655 292 1755 tglaciei
312 1679 536 1754 proventus.
570 1656 724 1731 Causam
753 1657 835 1730 inde
861 1661 1001 1735 arcessit
1021 1717 1031 1753 ‚
1059 1666 1155 1763 quod
1175 1687 1277 1744 terra
1295 1667 1420 1746 vicina

116 1755 172 1830 snt
188 1754 255 1831 sale
277 1757 433 1857 quodem
453 1755 728 1855 nitrosopleno.
755 1760 969 1851 Delafflre,
985 1762 1046 1863 qui
1062 1764 1303 1861 quantitatem
1323 1792 1420 1869 aquo

118 1858 264 1958 pluuialis
294 1881 334 1932 ac
351 1855 483 1931 niualis
500 1856 666 1957 singulari
693 1882 774 1932 rum
792 1882 875 1933 tura
904 1860 1107 1936 constanter
1132 1864 1327 1958 observat,
1356 1895 1419 1943 nn·

123 1978 181 2048 tat,
204 1964 278 2035 An.
303 1982 392 2045 r7rr
423 1957 573 2031 enodem
599 1956 701 2031 fnisse
720 1982 763 2052 25
784 1959 981 2058 digitorum
1008 1987 1090 2036 cum
1118 1962 1251 2039 duabus
1277 1965 1419 2062 lineit,

119 2079 185 2131 turn
213 2056 399 2137 ordinarie
429 2084 471 2150 ¹9
499 2056 631 2157 digitos
666 2056 729 2131 uix
752 2062 927 2137 excedat.
968 2060 1143 2136 Similiter
1166 2064 1294 2141 scalam
1328 2068 1423 2143 inte·

111 2160 221 2255 gram,
247 2182 357 2259 quam
379 2154 762 2255 Mercurius'emeusut
777 2158 848 2251 esl,
876 2159 945 2234 hoc
963 2161 1308 2261 anno'dcptehendit
1327 2167 1419 2269 digi-

109 2258 272 2350 tianius,
301 2258 476 2331 linearum
493 2260 573 2356 732,
601 2256 676 2358 quai
694 2258 876 2333 ordinarie
903 2286 976 2335 non
995 2260 1134 2360 superat
1151 2263 1305 2364 digitum
1334 2293 1417 2343 cunr

106 2380 252 2456 quatuor
270 2358 393 2433 lineis.
422 2358 495 2434 Die
517 2386 571 2452 30.
584 2359 831 2433 Decembr.A.
847 2386 935 2451 tyre
957 2363 1235 2437 declinationem
1254 2392 1335 2440 acuo
1345 2391 1418 2445 tue-

103 2458 247 2556 gneticae
275 2458 479 2533 observavit
502 2473 561 2530 ιοο
586 2459 638 2551 ςο’
655 2458 774 2531 versut
791 2457 954 2533 occasum
972 2463 1248 2561 Scheeebzerur,
1274 2466 1418 2566 quenti·

40 2566 41 2619 1
103 2580 211 2631 tatem
232 2584 329 2657 aquae
349 2554 521 2657 pluvialis
536 2560 662 2628 eodem
681 2558 921 2654 annoTiguri
938 2560 1083 2633 testimat
1102 2588 1145 2652 45
1164 2563 1361 2660 digitorum
1380 2569 1417 2638 bc

40 2672 42 2757 s
97 2656 199 2731 linear
219 2656 352 2740 uului,
389 2653 517 2727 scalam
545 2653 822 2727 barometricam
849 2656 983 2749 reperit
1010 2656 1150 2727 nonnisi
1183 2658 1417 2737 talincarum

40 2762 42 2781 '
93 2754 365 2830 cumdimidia.
436 2754 440 2759 ’

147 2861 192 2929 ln
211 2853 393 2927 Anactorie
410 2854 522 2923 Licere
547 2848 715 2925 describit
732 2848 927 2924 fertionem
956 2849 1114 2926 bominis
1128 2878 1177 2944 44
1192 2880 1369 2935 annorum
1386 2886 1421 2936 n·

95 2954 315 3030 neurismate
334 2949 524 3041 exstindli,
551 2950 721 3047 variaque
738 2949 820 3022 inde
837 2949 979 3022 deducit
998 3002 1009 3040 ‚
1037 2976 1114 3049 quae
1130 2954 1248 3027 causat
1274 2959 1309 3030 3<
1328 2959 1420 3054 sym·
1814 3022 1817 3067 ,

98 3079 260 3156 promata
281 3052 382 3148 hujus
399 3050 518 3125 morbi
536 3068 786 3123 concernunt.
814 3050 911 3122 Cum
930 3048 1127 3124 aneurisma
1146 3051 1185 3125 in
1204 3054 1417 3133 dilatatione
1440 3071 1509 3161 Pag.
1523 3096 1569 3156 99.
1815 3086 1816 3139 l

100 3154 384 3229 extraordinaria
403 3174 514 3229 aorroe
532 3145 694 3224 consistat
714 3172 726 3233 3
753 3146 894 3222 causam
910 3148 1059 3245 conjicit
1076 3148 1113 3221 in
1134 3150 1416 3236 diminutionem
1814 3220 1817 3243 ,

102 3256 266 3331 caritatis
285 3257 435 3330 duarum
454 3250 689 3338 arteriarum,
718 3272 845 3346 nempe
863 3246 1025 3322 anillatis
1041 3250 1421 3333 dextraensunetaviu
1815 3272 1817 3365 y

104 3356 263 3447 sinistra,
291 3374 368 3456 qun
384 3366 414 3427 ‘a
431 3351 571 3427 deseslu
598 3347 731 3422 virium
760 3342 980 3421 elallicarum
1007 3347 1219 3424 derivatur.
1257 3355 1347 3442 Qua
1374 3360 1418 3431 dc
1815 3372 1816 3383 ¹

108 3457 345 3555 glandularum
373 3451 547 3529 strublura
574 3476 594 3524 a
620 3448 812 3520 Wesstuuiu
838 3446 977 3522 detesia
1003 3446 1043 3521 in
1061 3447 1165 3523 Auis
1184 3451 1285 3525 Anni
1312 3448 1416 3547 ηις.

105 3580 176 3659 pag.
196 3586 278 3653 297.
308 3554 576 3642 recensuimus,
603 3546 752 3621 ulterius
770 3543 992 3619 illustrantur
1013 3599 1022 3618 .
1059 3549 1277 3647 Gadosredun
1294 3550 1419 3651 junior

104 3656 364 3734 observationes
379 3653 546 3758 quandam
568 3646 749 3722 historicas
776 3645 818 3720 de
836 3642 954 3743 lapide
982 3644 1193 3719 beroardico
1219 3653 1418 3731 communi-

69 3811 71 3815 *
104 3781 170 3833 tat.
198 3758 400 3860 Repetitur
420 3756 449 3827 ic
467 3750 588 3854 passum
609 3748 646 3822 in
664 3769 791 3822 ventre
810 3767 991 3820 certorum
1011 3746 1248 3822 animantium
1261 3752 1419 3827 India&

103 3860 256 3936 exvatiin
273 3856 402 3933 crustis
422 3847 660 3930 concentticis
677 3847 843 3922 nucleum
862 3843 899 3918 in
910 3869 1037 3920 centro
1053 3848 1420 3928 continentibuccon·

102 3957 178 4034 slat·
202 3960 403 4037 Estautem
422 3956 565 4031 nucleus
584 3975 735 4051 granum
754 3943 903 4043 alicujuo
922 3948 1077 4044 planta,
1101 3950 1196 4048 quod
1216 3952 1348 4025 animal
1366 3951 1419 4025 di·
1485 3990 1494 4008 ·

103 4086 213 4157 gerere
243 4084 323 4136 non
347 4055 495 4160 potuit,
522 4075 733 4127 nontamen
760 4046 896 4144 semper
917 4045 1072 4146 ejusdem
1091 4049 1249 4148 generis.
1280 4056 1335 4123 Er
1349 4076 1420 4148 qua

104 4161 270 4238 varietate
287 4159 426 4234 errarit
445 4152 626 4253 redarguit
637 4149 740 4241 illos,
766 4148 895 4250 quibua
910 4147 1043 4247 lapides
1062 4148 1263 4224 &roardici
1283 4148 1420 4224 saslitii

103 4285 287 4359 putantur.
316 4265 416 4356 Mem
444 4258 482 4333 in
500 4252 657 4330 consessu
669 4248 1158 4341 Academicorumollendit,
1187 4274 1335 4322 nervum
1356 4274 1420 4347 op·

103 4362 206 4437 neum
234 4387 321 4439 cum
340 4361 457 4435 retina
472 4357 650 4458 originem
670 4349 811 4425 trahere
829 4375 849 4424 a
869 4350 1044 4442 cerebro,
1070 4347 1280 4423 chornident
1312 4376 1331 4423 a
1361 4348 1422 4448 pia

104 4487 209 4538 matre
228 4466 264 4538 dt
280 4484 452 4537 corneam
474 4459 734 4534 aduramntre.
758 4454 918 4526 Anerro
936 4450 1060 4551 optino
1079 4474 1153 4523 tam
1176 4448 1293 4548 piam,
1309 4472 1420 4548 quarta

105 4563 223 4640 duram
243 4586 399 4640 matrem
419 4560 545 4636 endem
565 4556 673 4629 modo
692 4552 889 4652 separavit,
917 4578 990 4652 quo
1009 4551 1185 4625 acerebro
1203 4547 1421 4645 separariso·

104 4662 171 4739 lent
198 4668 232 4741 δι
253 4663 426 4740 incisione
444 4660 548 4739 nervi
573 4653 762 4763 secundum
783 4652 1053 4755 longitudinem
1072 4649 1166 4729 salla
1192 4644 1426 4823 suintsteaddsm
