3709 5434
330 234 599 414 ..314
891 228 1387 349 ACTA-

254 521 419 591 Aslssrod.
488 492 584 566 Cum
616 478 687 580 jam
717 467 887 549 illuxisset
914 480 971 536 tot
999 454 1095 533 votis
1120 445 1299 553 expetitus
1324 440 1399 517 dies
1427 464 1484 515 22.
1513 431 1635 536 April.
1664 437 1766 512 Sur.

256 571 417 682 naimo
438 594 599 670 serenum
628 577 804 675 nullisque
833 562 980 643 maculis
1006 559 1166 633 sucatum
1192 573 1270 627 erat
1287 546 1416 620 coelum
1435 541 1477 616 ad
1493 535 1622 611 horam
1655 539 1766 637 usque

256 684 304 748 M·
321 685 387 758 1³¹¹·
438 693 606 769 odanam
637 676 872 754 matutinam:
901 688 1005 764 aquo
1034 678 1195 758 tempore
1222 650 1261 724 iu
1273 644 1419 722 nebulas
1444 637 1542 717 coire
1567 636 1690 738 coepit
1708 662 1765 711 aer

439 816 545 892 arque
574 786 718 883 ingrato
746 767 949 875 spesiaculo
975 759 1097 835 sensim
1124 753 1262 853 eripere
1279 745 1393 823 oculis
1412 739 1542 821 uostris
1559 737 1690 811 Solem
1712 737 1764 812 de·

438 891 556 993 liquio
584 880 856 984 propinquum:
882 889 991 967 quem
1019 857 1117 934 avidi
1141 877 1266 929 omnes
1294 846 1352 922 vel
1381 872 1442 945 per
1468 864 1599 942 aquam
1628 839 1692 912 vel
1719 838 1766 910 vi·

440 1014 538 1070 trum
566 986 790 1064 coloratum,
816 967 875 1044 vel
894 963 1111 1067 perforatam
1141 974 1342 1056 papyrum,
1370 948 1428 1020 rel
1444 941 1548 1019 nudis
1577 938 1698 1014 oculis
1715 938 1762 1011 io·

441 1116 499 1168 ter
527 1083 671 1162 nebulas
696 1072 925 1149 intuebamur
951 1084 1162 1136 errantem:
1191 1077 1273 1126 nam
1302 1048 1503 1134 tuborum,
1532 1065 1688 1139 propter
1713 1039 1767 1113 de·

444 1193 513 1267 bile
531 1184 623 1260 Solis
649 1183 772 1252 lumen
799 1176 836 1245 dc
863 1170 930 1243 vix
958 1159 1154 1236 sensibilem
1182 1173 1376 1251 corporum
1404 1144 1592 1229 umbram,
1620 1140 1764 1239 exiguus

442 1315 520 1367 rum
546 1304 622 1358 erat
652 1279 758 1353 usus:
788 1274 909 1372 itaque
937 1263 1085 1337 initium
1113 1252 1282 1354 eclipseos
1307 1246 1439 1323 certius
1464 1241 1610 1319 anobis
1628 1240 1765 1315 aestima·

444 1390 476 1464 ri
505 1408 579 1461 non
624 1378 719 1453 otuit
746 1397 854 1476 quam
875 1366 979 1442 nudis
996 1359 1129 1446 oculis3
1157 1348 1382 1457 quandoper
1401 1346 1556 1423 rariores
1585 1343 1699 1415 nubes
1716 1343 1764 1414 de·

445 1484 696 1590 prehendimus
710 1477 805 1549 Solis
832 1480 970 1572 partem
998 1456 1316 1538 occidentaliorem
1340 1449 1475 1551 aliquid
1502 1446 1546 1520 dc
1567 1440 1764 1517 rotundira

446 1614 482 1664 te
508 1584 569 1659 sua
597 1579 782 1655 amittere.

291 1729 424 1805 Tam·
500 1680 691 1783 Dissipatis
717 1676 840 1752 sensim
870 1663 1051 1746 nubeculis
1076 1660 1225 1834 fiopulas
1252 1649 1484 1731 decrescentis
1501 1645 1598 1721 Solis
1628 1642 1760 1744 phrses,

327 1828 374 1930 ³⁸·
389 1855 424 1921 ⁴·
452 1777 823 1961 'lsililiiilsll
843 1745 1762 1946 lt‘lllllbllfilllliillinistis

208 1960 211 1967 ¹
449 1916 594 2084 iiispera
621 1976 772 2053 lucentis
800 1897 1037 2054 timonium
1066 1885 1303 2067 qucqucique
1329 1955 1429 2061 disin
1452 1948 1560 2024 citius
1579 1946 1758 2045 disparuit.

508 2081 678 2161 Debilem
708 2102 812 2152 antea
844 2073 880 2146 &
909 2070 1065 2169 maligue
1101 2061 1362 2139 decrescentem
1398 2058 1514 2127 lucem
1543 2047 1760 2145 excipiebant

450 2211 537 2262 mox
564 2177 767 2258 densrffime
794 2170 978 2261 tenebrae,
1005 2192 1086 2242 cum
1115 2160 1160 2238 fri
1188 2188 1272 2251 ore,
1297 2180 1380 2232 cum
1409 2174 1548 2241 vento,
1579 2175 1660 2224 cum
1689 2148 1760 2219 hor·

449 2313 533 2361 rore
560 2277 795 2382 spesiantium
814 2276 848 2347 δι
869 2268 1140 2369 trepidatione..
1157 2190 1306 2336 (ionius
1331 2279 1455 2330 omnes
1483 2249 1689 2350 dignoscere
1705 2269 1758 2319 not

450 2385 612 2462 invicem
641 2403 714 2452 uon
744 2372 947 2476 potuimus,
975 2392 1040 2441 nec
1057 2364 1211 2439 indicem
1231 2355 1413 2456 horologii
1443 2351 1513 2426 line
1533 2349 1671 2426 accensa
1689 2372 1763 2420 can·
1819 2366 1820 2381 ³

450 2486 529 2560 dela
554 2479 753 2557 discernere
790 2472 886 2576 potis
912 2493 1041 2544 eram:
1081 2484 1284 2538 memorant
1312 2458 1374 2532 alii
1403 2453 1554 2530 Oscines
1577 2444 1761 2523 conticuis·
1819 2456 1820 2549 l

450 2585 515 2675 se,
541 2582 578 2655 rr
606 2575 776 2656 animalia
802 2598 904 2648 extra
933 2569 1056 2644 urbem
1085 2565 1128 2639 ad
1157 2560 1290 2661 pallum
1319 2555 1471 2646 emissa,
1507 2550 1673 2651 repetiisse
1699 2571 1762 2619 no·
1819 2552 1820 2629 l

450 2686 596 2760 &urnas
622 2678 699 2757 suas
726 2675 924 2763 stationes,
960 2667 1034 2742 ruti
1061 2690 1150 2740 vcro
1177 2684 1318 2737 tautum
1355 2657 1457 2732 suille
1486 2648 1760 2755 trepidationis,
1819 2632 1820 2721 Ῐ

479 2805 627 2859 uantum
996 2820 997 2825 κ

451 2806 475 2886 q
651 2870 869 2956 Machinast
894 2868 1010 2963 magni
1034 2886 1143 2939 rueres
1169 2889 1318 2941 convena
1336 2857 1517 2934 Tonantis.

501 3061 647 3136 Interea
674 3052 849 3155 temporis
878 3049 1033 3123 vidimus
1052 3073 1133 3124 tres
1160 3048 1319 3150 planetas
1346 3048 1468 3124 versus
1484 3042 1709 3119 occidentem
1727 3039 1759 3112 iu

452 3186 524 3275 una
549 3159 624 3238 sere
647 3156 741 3230 linea
769 3148 1013 3241 constitutos,
1039 3154 1165 3237 lovem
1196 3174 1323 3248 nempe
1351 3148 1450 3246 juxta
1475 3145 1627 3233 Solem,
1665 3142 1762 3214 inter·

451 3262 549 3361 Jesio
576 3258 698 3360 aliquo
725 3250 842 3354 spatio
861 3249 1121 3343 Mercurium,
1148 3252 1184 3324 ἃ
1213 3248 1403 3323 remotiori
1432 3244 1624 3321 intervallo
1652 3244 1761 3314 Vena

454 3388 531 3478 rem
558 3360 726 3475 sulcatam
745 3378 756 3441 ς
783 3350 963 3466 imprimis
979 3347 1138 3450 jucundo
1155 3351 1257 3426 uobis
1274 3348 1474 3449 speslaculo
1490 3369 1565 3420 erat
1581 3355 1639 3439 ξ,
1668 3364 1761 3444 quen
1819 3412 1820 3415 ,

454 3463 615 3576 alioqum
644 3477 795 3558 propter
818 3452 1048 3533 durationem
1067 3450 1355 3553 crepusculorutn
1377 3450 1415 3523 in
1434 3443 1695 3523 borealioribus
1712 3467 1765 3515 uo

453 3559 532 3635 stris
559 3558 664 3635 terris
690 3552 895 3656 conspicere
925 3553 1051 3628 datum
1078 3580 1152 3667 non
1180 3552 1255 3626 est.
1283 3550 1453 3626 Vidimus
1479 3571 1626 3649 quoque
1642 3542 1767 3618 Callio·

454 3655 991 3835 sriirr'slsiiliunilili
1008 3644 1765 3826 inisiiiimiuiissirigim‘irii‘iim'

292 3796 364 3883 rag.
387 3815 433 3881 η’
453 3858 559 4034 nubila)
582 3783 827 4029 deuleppollsint.
853 3855 925 3928 Sub
954 3805 1111 3967 mirina
1132 3779 1389 3966 ¹itbscuratione
1416 3773 1548 3950 cirisi
1576 3766 1766 3941 lanistis²

451 3980 731 4160 fissilique
751 3981 832 4128 lle
846 3953 998 4155 ,lli
1008 3946 1329 4129 sallitis}
1345 3948 1767 4151 {mqb‘lllsslss‘all

451 4159 592 4275 hulonis
620 4157 815 4256 cingebat,
851 4179 923 4228 uon
953 4152 1109 4251 ejusdem
1139 4180 1157 4225 a
1186 4174 1324 4252 pareret
1351 4151 1590 4252 splendoris,
1629 4172 1712 4223 nam
1738 4169 1768 4216 o

451 4283 605 4334 rrcntem
634 4255 753 4330 versos
779 4255 1060 4331 &occidentem
1090 4179 1260 4325 illusrior
1285 4274 1392 4343 eret,
1418 4276 1526 4355 quam
1556 4249 1602 4325 ad
1636 4252 1769 4323 boream

451 4362 498 4535 dtu
503 4357 670 4535 1ιηιζίὶὲυΐνο
689 4411 720 4530 ,h
723 4356 901 4529 pauloque
928 4353 1164 4430 rubicundior
1192 4353 1379 4429 videbatur
1407 4350 1566 4427 australis
1595 4350 1677 4450 ejus
1702 4364 1771 4453 pat}

451 4484 712 4634 unmobiric
739 4510 939 4657 speslaculo
967 4557 1100 4657 purtim
1130 4555 1317 4647 terribili,
1345 4556 1541 4656 partim&
1569 4531 1772 4672 admirabili

1667 4679 1733 4729 rm·
