3709 5434
363 216 1125 326 Enuottonum.
1252 259 1342 354 mr
1589 188 1600 211 x
1806 239 1809 359 Ι

117 432 289 517 nonnullis
306 454 324 521 e¹
345 432 527 511 modernis
549 431 774 509 Allronontis
801 431 914 513 visum
934 434 1007 526 ell,
1033 430 1146 513 Terre
1162 464 1304 540 quoqne
1322 437 1424 513 semi·
1443 454 1599 525 tamma.

116 540 323 615 diametrum
349 536 463 607 escle
490 528 740 632 conspectam,
767 535 886 609 medio
911 537 995 607 loto
1021 534 1117 609 inter
1129 543 1231 623 Iouis
1250 537 1422 637 majorem
1447 543 1602 618 Anum·

117 635 302 711 &Saturni
320 635 355 705 dt
373 633 537 711 Mercurii
564 632 740 711 minorem
759 634 926 733 angulum
953 632 1157 711 subtendere
1176 691 1188 728 ‚
1219 641 1422 737 Venerisque
1444 618 1601 684 Μωὼ

116 736 277 837 equalem
299 785 310 824 ,
336 756 465 830 nempe
487 729 690 831 quindecim
710 731 972 807 secundorum:
1001 738 1156 834 adeoque
1167 739 1279 809 ‚solem
1301 766 1320 811 a
1340 744 1423 809 Ter-

115 863 151 907 ra
175 830 447 936 quatuordecim
475 829 548 902 sere
573 830 728 907 millibus
754 830 1095 919 semidiamettotum
1121 841 1232 910 Terre
1266 836 1422 913 distare.

112 935 240 1009 Iisdem
262 954 381 1006 autem
401 929 600 1007 Antoribus
617 930 712 1009 aliud
733 954 984 1030 argumentum
1003 933 1107 1030 paulo
1125 936 1310 1032 ampliavit
1327 942 1420 1010 hanc

111 1032 312 1109 distantiam
332 1062 341 1105 e
370 1029 539 1128 quoniam
568 1029 664 1105 enim
683 1033 783 1109 eune
809 1031 983 1107 diameter
1000 1031 1105 1129 paulo
1123 1032 1299 1130 major'est
1318 1060 1421 1135 quar.

111 1156 148 1209 ta
177 1154 278 1232 parte
305 1127 469 1203 diametri
488 1133 626 1221 Terre,
662 1128 899 1206 srl’arallaxis
923 1131 1013 1201 Solis
1035 1154 1188 1228 ponatur
1213 1130 1418 1232 quindecim

108 1232 332 1307 minutorum
360 1226 593 1313 secundorum
620 1281 631 1317 ‚
665 1225 768 1306 lieret
795 1233 896 1307 dane
928 1254 1064 1326 corpur
1082 1256 1231 1331 corpore
1258 1235 1420 1308 Mercurii

110 1328 256 1427 majus,
281 1328 425 1403 Planeta
451 1326 586 1402 scilicet
603 1327 827 1407 secundarius
854 1328 1025 1429 primario
1043 1327 1186 1425 major;
1213 1336 1309 1432 quod
1336 1360 1420 1409 con·

110 1426 277 1503 cinnitati
306 1426 512 1518 systematis
539 1429 709 1504 mundani
746 1428 962 1507 contrariari
988 1427 1195 1504 videretur.
1233 1435 1264 1506 E
1293 1455 1418 1507 contra

109 1554 194 1603 vero
220 1534 370 1599 Venerem
399 1524 606 1600 inferiorem
635 1529 871 1604 &satellitio
899 1524 1132 1619 destitutam,
1169 1530 1340 1626 majorem
1369 1529 1418 1603 es·

109 1629 143 1704 se
159 1633 267 1702 Terra
293 1624 411 1700 nollra
436 1624 610 1724 superiori
635 1628 670 1702 dt
698 1651 770 1704 tam
788 1627 960 1727 insignem
987 1629 1158 1703 comitem
1187 1630 1321 1721 nabla,
1354 1630 1418 1703 vix
1438 1643 1507 1728 Pag.
1526 1649 1597 1728 4⁶3·

112 1731 304 1805 concedere
341 1726 485 1800 videtur
520 1726 643 1800 eadem
668 1728 917 1805 concinnitas.
954 1731 1007 1801 Ut
1035 1727 1155 1827 itaque
1194 1729 1311 1805 medio
1337 1731 1419 1805 loco

111 1828 342 1914 incedamus,
369 1848 524 1921 ponatur
551 1831 662 1913 Terre
687 1826 949 1903 semidiametet
974 1830 1084 1900 eSole
1100 1827 1203 1918 visa,
1234 1829 1296 1921 ¹seu
1320 1830 1418 1930 quod

110 1929 201 2004 idem
229 1926 308 2015 est,
341 1927 427 1996 sotis
454 1925 646 2001 Parallattis
671 1927 938 2018 horizontalis‚
971 1927 1157 2002 duodecim
1183 1927 1418 2004 secundorum

109 2054 186 2102 cnm
212 2025 376 2103 semisse:
407 2024 499 2099 unde
515 2027 612 2099 Lerna
631 2027 750 2111 minor
767 2026 1016 2101 eritMercario
1035 2027 1069 2099 δι
1090 2031 1195 2099 Terra
1210 2031 1329 2099 Venere
1345 2054 1418 2102 ma·

108 2127 162 2227 jor
187 2153 198 2215 3
235 2151 276 2202 ac
306 2124 496 2225 proveniet
518 2127 605 2197 Solis
631 2152 651 2199 a
678 2132 784 2198 Terra
809 2125 974 2201 distantia
1010 2123 1303 2202 sexdecim-mille
1335 2152 1417 2201 cum

108 2224 315 2328 quingentis
330 2229 442 2299 Terre
464 2222 736 2301 semidiametris
763 2224 953 2326 proxime.
981 2223 1075 2306 Huic
1103 2248 1220 2303 autern
1247 2225 1418 2303 distantiae

106 2327 143 2400 in
169 2322 435 2425 presentiarum
472 2323 641 2409 assensum
668 2325 840 2424 praebeo,
885 2323 1103 2424 usquedum
1130 2326 1417 2423 experimento,

106 2427 200 2526 quod
228 2424 495 2525 proponimus,
521 2447 654 2523 quanta
673 2423 713 2495 lit
733 2478 744 2514 ‚
770 2426 902 2497 certius
926 2424 1088 2498 constet.
1115 2428 1195 2499 Nec
1216 2451 1341 2500 moror
1360 2452 1417 2500 cu·

107 2524 292 2600 toritatem
317 2521 548 2635 quantumvis
567 2544 714 2619 gravem
741 2544 899 2607 eorum,
932 2523 995 2616 qui
1010 2523 1115 2595 Solem
1136 2524 1229 2595 ultra
1257 2526 1321 2595 lroc
1347 2547 1417 2596 rer·

103 2626 224 2700 minos
260 2622 298 2694 in
326 2616 539 2691 immensum
567 2619 757 2706 evehunt,
799 2616 884 2687 freti
911 2615 1218 2690 observationibus
1243 2618 1419 2693 vibrantis

105 2720 289 2809 Penduli,
316 2714 596 2795 determinandis
622 2713 677 2786 his
702 2714 915 2812 angulorum
943 2713 1135 2803 minutiis,
1172 2714 1224 2785 uti
1246 2714 1419 2808 videtur,

101 2820 198 2896 haud
221 2817 305 2892 satit
322 2814 429 2915 fidisp:
457 2813 578 2889 saltem
603 2812 668 2889 hat
680 2811 849 2885 methodo
869 2811 1024 2887 tentanti
1042 2811 1234 2887 Perallaxir
1259 2814 1420 2912 aliqnan-

102 2922 153 2996 do
173 2916 303 3006 nulla,
330 2914 523 3013 aliquando
548 2913 655 2993 etiam
685 2911 850 3009 negativa
871 2934 1036 2985 occurret
1054 2937 1066 2996 ;
1096 2911 1164 2984 hoc
1182 2911 1230 2985 est
1254 2913 1419 2991 distantia

102 3019 163 3095 uel
184 3014 330 3090 infinita
356 3011 447 3102 fiet,
478 3014 535 3086 vel
557 3009 704 3084 infinito
731 3008 845 3105 major
869 3036 877 3079 ε
904 3011 1001 3109 quod
1028 3007 1243 3085 obsurdum.
1272 3015 1352 3104 Et,
1376 3037 1417 3089 ut

84 3139 231 3210 ‚verum
249 3112 384 3201 fatear,
403 3110 541 3184 minuta
559 3110 709 3186 secunda
730 3109 787 3182 vel
804 3109 916 3195 etiarn¹
932 3110 1022 3183 dena
1038 3109 1188 3185 secunda
1205 3107 1416 3189 inllrnmen-

102 3217 148 3291 tis
173 3211 406 3318 quantumvis
439 3209 571 3285 affabre
596 3208 698 3284 saulis
726 3233 826 3282 certo
853 3206 1071 3308 distinguere
1103 3208 1166 3283 vix
1190 3207 1330 3283 homini
1356 3214 1417 3287 da·

86 3338 179 3392 tum
198 3312 276 3401 esta
305 3335 412 3411 atque
429 3309 519 3383 adeo
545 3308 694 3382 minime
713 3307 914 3383 mirandum
933 3360 944 3396 ‚
972 3306 994 3378 st
1015 3331 1201 3382 tantorum
1221 3305 1418 3384 Artificum

106 3416 237 3587 prultos
264 3413 301 3487 ἃ
318 3407 522 3511 ingeniosos
542 3429 690 3483 conatur
708 3404 877 3485 haetenus
894 3402 1037 3481 eluserit
1065 3407 1115 3480 rei
1133 3404 1236 3506 ipsios
1261 3406 1419 3483 maxima

121 3514 297 3590 ubtilitas.

153 3618 256 3690 Dum
279 3633 433 3700 autem,
458 3633 542 3687 ante
562 3607 798 3711 quadraginta
827 3605 900 3682 sere
915 3630 1070 3698 rennos,
1095 3606 1133 3680 in
1153 3606 1274 3701 Insula
1292 3604 1420 3683 lende

107 3717 260 3805 Helene,
289 3712 454 3807 syderum
478 3709 598 3809 polum
620 3708 821 3787 Australem
847 3707 1084 3783 ambientium
1111 3706 1419 3783 observationibus

88 3839 247 3914 ⁴operam
274 3815 430 3899 darem3
457 3809 613 3910 contigit
640 3808 727 3883 mibi
755 3811 961 3883 Mercurium
986 3792 1158 3883 subdolis
1181 3805 1278 3881 disco
1304 3832 1418 3882 trana-
1444 3893 1450 3901 ,

109 3940 249 4007 euntem
277 3912 382 3997 omni
400 3910 559 3987 adbibita
579 3907 767 4011 diligentia
792 3907 1006 3983 observate:
1034 3906 1200 4007 quodque
1219 3907 1309 3981 mihi
1335 3932 1419 4005 prc-

109 4035 158 4087 ter
192 4014 289 4114 spem
320 4010 474 4087 feliciter
499 4008 691 4101 successit,
725 4029 949 4083 momentum
981 4032 1054 4107 quo
1079 4009 1268 4080 Mercurius
1303 4006 1420 4103 ingre·

110 4112 204 4188 diens
219 4116 313 4188 Solis
329 4112 479 4185 limbum
508 4110 659 4184 interint
675 4107 885 4209 contingere
913 4105 1004 4181 visus
1021 4104 1068 4180 est
1087 4161 1098 4195 ‚
1126 4104 1328 4203 pariterque
1348 4127 1424 4176 mo·

89 4236 267 4289 mentum
294 4238 370 4312 quo
387 4210 573 4312 egrediens
591 4208 739 4283 limbum
760 4208 855 4285 Solio
873 4205 1046 4296 strinxit,
1072 4204 1169 4281 sablo
1187 4203 1318 4301 angulo
1336 4226 1422 4275 con·

88 4313 218 4388 ,taslur
245 4312 455 4402 interioris,
483 4309 570 4386 tubo
596 4309 740 4409 optimo
765 4305 1061 4409 vigintiquatuor
1090 4303 1215 4402 pedum
1235 4299 1421 4377 accuratis·

107 4409 187 4487 ftme
214 4413 388 4489 obtinui.
413 4414 518 4487 Unde
547 4434 613 4508 pro
639 4432 827 4507 comperto
849 4404 1228 4517 habuiintervallum3
1249 4404 1423 4503 qqurr·

90 4515 216 4603 ,leuius
243 4534 345 4590 totus
377 4511 474 4591 intra
497 4512 585 4586 Selia
611 4507 745 4589 discum
771 4533 849 4593 tum
875 4507 1050 4612 temporis
1083 4526 1280 4606 apparunt,
1312 4500 1423 4675 ebriam

379 4624 386 4635 ·
1300 4627 1320 4676 a
1344 4624 1375 4674 t·

1807 434 1808 444 t

1805 486 1808 505 l
