<?xml version="1.0" encoding="UTF-8"?>
<!DOCTYPE html PUBLIC "-//W3C//DTD XHTML 1.0 Transitional//EN"
    "http://www.w3.org/TR/xhtml1/DTD/xhtml1-transitional.dtd">
<html xmlns="http://www.w3.org/1999/xhtml" xml:lang="en" lang="en">
 <head>
  <title>
</title>
<meta http-equiv="Content-Type" content="text/html;charset=utf-8" />
  <meta name='ocr-system' content='tesseract 3.04.00' />
  <meta name='ocr-capabilities' content='ocr_page ocr_carea ocr_par ocr_line ocrx_word'/>
</head>
<body>
  <div class='ocr_page' id='page_1' title='image "./opusculaomniaac00erudgoog_0615.png"; bbox 0 0 3709 5434; ppageno 0'>
   <div class='ocr_carea' id='block_1_1' title="bbox 396 170 1377 312">
    <p class='ocr_par' dir='ltr' id='par_1_1' title="bbox 396 170 1377 312">
     <span class='ocr_line' id='line_1_1' title="bbox 396 170 1377 312; baseline -0.002 -37"><span class='ocrx_word' id='word_1_1' title='bbox 396 170 1377 312; x_wconf 56' lang='lat' dir='ltr'>Eruurroaum.5½</span> 
     </span>
    </p>
   </div>
   <div class='ocr_carea' id='block_1_2' title="bbox 28 381 1639 4726">
    <p class='ocr_par' dir='ltr' id='par_1_2' title="bbox 28 381 1639 2767">
     <span class='ocr_line' id='line_1_2' title="bbox 30 381 1638 490; baseline 0.009 -34"><span class='ocrx_word' id='word_1_2' title='bbox 30 389 49 464; x_wconf 78' lang='lat' dir='ltr'>lt,</span> <span class='ocrx_word' id='word_1_3' title='bbox 128 387 308 489; x_wconf 72' lang='lat' dir='ltr'>litigator</span> <span class='ocrx_word' id='word_1_4' title='bbox 335 386 500 483; x_wconf 85' lang='lat' dir='ltr'>optabat,</span> <span class='ocrx_word' id='word_1_5' title='bbox 525 409 583 457; x_wconf 91' lang='lat' dir='ltr'>me</span> <span class='ocrx_word' id='word_1_6' title='bbox 600 381 800 457; x_wconf 79' lang='lat' dir='ltr'>immiscere</span> <span class='ocrx_word' id='word_1_7' title='bbox 827 382 1077 456; x_wconf 79' lang='lat' dir='ltr'>controversae</span> <span class='ocrx_word' id='word_1_8' title='bbox 1094 381 1342 490; x_wconf 79' lang='lat' dir='ltr'>intempestive</span> <span class='ocrx_word' id='word_1_9' title='bbox 1358 393 1457 468; x_wconf 84' lang='lat' dir='ltr'>ince-</span> <span class='ocrx_word' id='word_1_10' title='bbox 1473 405 1638 471; x_wconf 69' lang='lat' dir='ltr'>Adtrud.</span> 
     </span>
     <span class='ocr_line' id='line_1_3' title="bbox 34 479 1639 590; baseline 0.004 -33"><span class='ocrx_word' id='word_1_11' title='bbox 34 488 52 564; x_wconf 84' lang='lat' dir='ltr'>h</span> <span class='ocrx_word' id='word_1_12' title='bbox 123 512 232 586; x_wconf 70' lang='lat' dir='ltr'>pte,</span> <span class='ocrx_word' id='word_1_13' title='bbox 264 483 521 561; x_wconf 83' lang='lat' dir='ltr'>multominus</span> <span class='ocrx_word' id='word_1_14' title='bbox 548 506 663 579; x_wconf 87' lang='lat' dir='ltr'>partes</span> <span class='ocrx_word' id='word_1_15' title='bbox 684 479 850 580; x_wconf 78' lang='lat' dir='ltr'>amplebli</span> <span class='ocrx_word' id='word_1_16' title='bbox 878 504 1004 554; x_wconf 90' lang='lat' dir='ltr'>contra</span> <span class='ocrx_word' id='word_1_17' title='bbox 1030 484 1282 582; x_wconf 89' lang='lat' dir='ltr'>Leibnitium,</span> <span class='ocrx_word' id='word_1_18' title='bbox 1318 491 1447 590; x_wconf 85' lang='lat' dir='ltr'>partim</span> <span class='ocrx_word' id='word_1_19' title='bbox 1478 489 1535 548; x_wconf 84' lang='lat' dir='ltr'>An.</span> <span class='ocrx_word' id='word_1_20' title='bbox 1554 507 1639 579; x_wconf 71' lang='lat'>¹7¹..9‘</span> 
     </span>
     <span class='ocr_line' id='line_1_4' title="bbox 123 563 1633 693; baseline 0.006 -33"><span class='ocrx_word' id='word_1_21' title='bbox 123 587 220 684; x_wconf 86' lang='lat' dir='ltr'>quia</span> <span class='ocrx_word' id='word_1_22' title='bbox 249 587 409 659; x_wconf 87' lang='lat' dir='ltr'>rixarum</span> <span class='ocrx_word' id='word_1_23' title='bbox 438 582 513 654; x_wconf 89' lang='lat' dir='ltr'>sum</span> <span class='ocrx_word' id='word_1_24' title='bbox 533 580 724 678; x_wconf 77' lang='lat' dir='ltr'>pertaesus,</span> <span class='ocrx_word' id='word_1_25' title='bbox 751 579 881 675; x_wconf 86' lang='lat' dir='ltr'>partim</span> <span class='ocrx_word' id='word_1_26' title='bbox 906 580 989 677; x_wconf 81' lang='lat' dir='ltr'>quia</span> <span class='ocrx_word' id='word_1_27' title='bbox 1010 607 1230 680; x_wconf 82' lang='lat' dir='ltr'>argumenta</span> <span class='ocrx_word' id='word_1_28' title='bbox 1245 588 1372 690; x_wconf 86' lang='lat' dir='ltr'>quibus</span> <span class='ocrx_word' id='word_1_29' title='bbox 1391 619 1450 693; x_wconf 87' lang='lat' dir='ltr'>pu·</span> <span class='ocrx_word' id='word_1_30' title='bbox 1472 563 1519 629; x_wconf 77' lang='grc' dir='ltr'>Μ·</span> <span class='ocrx_word' id='word_1_31' title='bbox 1542 566 1633 635; x_wconf 53' lang='grc' dir='ltr'>ΜΨ*</span> 
     </span>
     <span class='ocr_line' id='line_1_5' title="bbox 38 677 1454 788; baseline 0.003 -28"><span class='ocrx_word' id='word_1_32' title='bbox 38 695 46 732; x_wconf 75' lang='grc'>’·“</span> <span class='ocrx_word' id='word_1_33' title='bbox 124 711 245 782; x_wconf 76' lang='lat' dir='ltr'>gnare</span> <span class='ocrx_word' id='word_1_34' title='bbox 265 683 356 758; x_wconf 91' lang='lat' dir='ltr'>solet</span> <span class='ocrx_word' id='word_1_35' title='bbox 373 681 571 780; x_wconf 78' lang='lat' dir='ltr'>Aggrelsor</span> <span class='ocrx_word' id='word_1_36' title='bbox 598 679 679 756; x_wconf 89' lang='lat' dir='ltr'>sunt</span> <span class='ocrx_word' id='word_1_37' title='bbox 698 680 813 770; x_wconf 85' lang='lat' dir='ltr'>talia,</span> <span class='ocrx_word' id='word_1_38' title='bbox 850 700 889 750; x_wconf 92' lang='lat' dir='ltr'>ut</span> <span class='ocrx_word' id='word_1_39' title='bbox 908 677 1009 769; x_wconf 80' lang='lat' dir='ltr'>illis,</span> <span class='ocrx_word' id='word_1_40' title='bbox 1044 684 1454 788; x_wconf 79' lang='lat' dir='ltr'>sruelAngluaessem,</span> 
     </span>
     <span class='ocr_line' id='line_1_6' title="bbox 28 778 1454 878; baseline 0.01 -22"><span class='ocrx_word' id='word_1_41' title='bbox 28 816 34 856; x_wconf 74' lang='grc' dir='ltr'>ι</span> <span class='ocrx_word' id='word_1_42' title='bbox 125 782 314 858; x_wconf 76' lang='lat' dir='ltr'>convinci</span> <span class='ocrx_word' id='word_1_43' title='bbox 333 807 406 857; x_wconf 90' lang='lat' dir='ltr'>non</span> <span class='ocrx_word' id='word_1_44' title='bbox 431 779 554 878; x_wconf 84' lang='lat' dir='ltr'>posfim</span> <span class='ocrx_word' id='word_1_45' title='bbox 574 836 583 853; x_wconf 92' lang='lat'><strong>.</strong></span> <span class='ocrx_word' id='word_1_46' title='bbox 609 780 777 854; x_wconf 82' lang='lat' dir='ltr'>irritatus</span> <span class='ocrx_word' id='word_1_47' title='bbox 797 778 862 851; x_wconf 88' lang='lat' dir='ltr'>hac</span> <span class='ocrx_word' id='word_1_48' title='bbox 878 803 955 850; x_wconf 89' lang='lat' dir='ltr'>mea</span> <span class='ocrx_word' id='word_1_49' title='bbox 975 779 1194 874; x_wconf 82' lang='lat' dir='ltr'>renitentia,</span> <span class='ocrx_word' id='word_1_50' title='bbox 1222 786 1356 866; x_wconf 84' lang='lat' dir='ltr'>latravit</span> <span class='ocrx_word' id='word_1_51' title='bbox 1377 817 1454 870; x_wconf 88' lang='lat' dir='ltr'>tan·</span> 
     </span>
     <span class='ocr_line' id='line_1_7' title="bbox 29 878 1451 985; baseline 0.001 -25"><span class='ocrx_word' id='word_1_52' title='bbox 29 947 34 960; x_wconf 79' lang='grc'><strong>.</strong></span> <span class='ocrx_word' id='word_1_53' title='bbox 125 886 216 958; x_wconf 88' lang='lat' dir='ltr'>dem</span> <span class='ocrx_word' id='word_1_54' title='bbox 248 883 359 958; x_wconf 80' lang='lat' dir='ltr'>frana</span> <span class='ocrx_word' id='word_1_55' title='bbox 376 878 513 970; x_wconf 88' lang='lat' dir='ltr'>furori,</span> <span class='ocrx_word' id='word_1_56' title='bbox 539 904 645 979; x_wconf 85' lang='lat' dir='ltr'>atque</span> <span class='ocrx_word' id='word_1_57' title='bbox 672 879 797 953; x_wconf 75' lang='lat' dir='ltr'>relidla</span> <span class='ocrx_word' id='word_1_58' title='bbox 816 878 1029 952; x_wconf 86' lang='lat' dir='ltr'>blandorum</span> <span class='ocrx_word' id='word_1_59' title='bbox 1046 880 1238 957; x_wconf 88' lang='lat' dir='ltr'>verborum</span> <span class='ocrx_word' id='word_1_60' title='bbox 1261 889 1451 985; x_wconf 81' lang='lat' dir='ltr'>methodo,</span> 
     </span>
     <span class='ocr_line' id='line_1_8' title="bbox 30 978 1452 1077; baseline 0.006 -21"><span class='ocrx_word' id='word_1_61' title='bbox 30 996 31 999; x_wconf 76' lang='grc'>’</span> <span class='ocrx_word' id='word_1_62' title='bbox 124 984 222 1060; x_wconf 87' lang='lat' dir='ltr'>iniit</span> <span class='ocrx_word' id='word_1_63' title='bbox 242 980 493 1056; x_wconf 88' lang='lat' dir='ltr'>conviciorum</span> <span class='ocrx_word' id='word_1_64' title='bbox 513 979 631 1068; x_wconf 84' lang='lat' dir='ltr'>viam,</span> <span class='ocrx_word' id='word_1_65' title='bbox 659 978 785 1077; x_wconf 89' lang='lat' dir='ltr'>quibus</span> <span class='ocrx_word' id='word_1_66' title='bbox 803 1001 881 1066; x_wconf 88' lang='lat' dir='ltr'>me,</span> <span class='ocrx_word' id='word_1_67' title='bbox 908 978 1142 1076; x_wconf 88' lang='lat' dir='ltr'>quodaudio,</span> <span class='ocrx_word' id='word_1_68' title='bbox 1164 982 1312 1057; x_wconf 90' lang='lat' dir='ltr'>mascule</span> <span class='ocrx_word' id='word_1_69' title='bbox 1330 988 1452 1066; x_wconf 90' lang='lat' dir='ltr'>obruit</span> 
     </span>
     <span class='ocr_line' id='line_1_9' title="bbox 32 1074 1453 1178; baseline 0 -16"><span class='ocrx_word' id='word_1_70' title='bbox 32 1155 34 1162; x_wconf 84' lang='grc'><em>,</em></span> <span class='ocrx_word' id='word_1_71' title='bbox 125 1084 169 1156; x_wconf 88' lang='lat'>&amp;</span> <span class='ocrx_word' id='word_1_72' title='bbox 191 1083 349 1158; x_wconf 87' lang='lat' dir='ltr'>obruere</span> <span class='ocrx_word' id='word_1_73' title='bbox 372 1078 517 1178; x_wconf 82' lang='lat' dir='ltr'>pergit,</span> <span class='ocrx_word' id='word_1_74' title='bbox 549 1078 648 1152; x_wconf 86' lang='lat' dir='ltr'>struti</span> <span class='ocrx_word' id='word_1_75' title='bbox 667 1079 780 1151; x_wconf 86' lang='lat' dir='ltr'>solent</span> <span class='ocrx_word' id='word_1_76' title='bbox 808 1076 870 1174; x_wconf 91' lang='lat' dir='ltr'>qui</span> <span class='ocrx_word' id='word_1_77' title='bbox 888 1074 1107 1175; x_wconf 77' lang='lat' dir='ltr'>desperatam</span> <span class='ocrx_word' id='word_1_78' title='bbox 1135 1079 1266 1154; x_wconf 88' lang='lat' dir='ltr'>babent</span> <span class='ocrx_word' id='word_1_79' title='bbox 1284 1085 1453 1175; x_wconf 67' lang='lat' dir='ltr'>causam</span> 
     </span>
     <span class='ocr_line' id='line_1_10' title="bbox 29 1174 1452 1280; baseline 0.004 -26"><span class='ocrx_word' id='word_1_80' title='bbox 29 1223 33 1263; x_wconf 57' lang='lat' dir='ltr'>t</span> <span class='ocrx_word' id='word_1_81' title='bbox 123 1182 196 1280; x_wconf 93' lang='lat' dir='ltr'>qui</span> <span class='ocrx_word' id='word_1_82' title='bbox 215 1203 324 1263; x_wconf 76' lang='lat' dir='ltr'>autea</span> <span class='ocrx_word' id='word_1_83' title='bbox 342 1180 403 1276; x_wconf 86' lang='lat' dir='ltr'>ipst</span> <span class='ocrx_word' id='word_1_84' title='bbox 421 1203 517 1252; x_wconf 84' lang='lat' dir='ltr'>erana</span> <span class='ocrx_word' id='word_1_85' title='bbox 545 1179 583 1252; x_wconf 87' lang='lat' dir='ltr'>in</span> <span class='ocrx_word' id='word_1_86' title='bbox 600 1179 737 1252; x_wconf 91' lang='lat' dir='ltr'>calculo</span> <span class='ocrx_word' id='word_1_87' title='bbox 764 1174 1018 1270; x_wconf 20' lang='lat' dir='ltr'>infinit-ehmali</span> <span class='ocrx_word' id='word_1_88' title='bbox 1045 1177 1322 1274; x_wconf 75' lang='lat' dir='ltr'>versatissimus,</span> <span class='ocrx_word' id='word_1_89' title='bbox 1357 1211 1452 1259; x_wconf 84' lang='lat' dir='ltr'>nunu</span> 
     </span>
     <span class='ocr_line' id='line_1_11' title="bbox 126 1275 1452 1370; baseline 0.005 -17"><span class='ocrx_word' id='word_1_90' title='bbox 126 1303 281 1355; x_wconf 86' lang='lat' dir='ltr'>mutata</span> <span class='ocrx_word' id='word_1_91' title='bbox 299 1303 417 1351; x_wconf 85' lang='lat' dir='ltr'>terum</span> <span class='ocrx_word' id='word_1_92' title='bbox 436 1276 556 1367; x_wconf 89' lang='lat' dir='ltr'>sacie,</span> <span class='ocrx_word' id='word_1_93' title='bbox 583 1277 636 1350; x_wconf 89' lang='lat' dir='ltr'>uti</span> <span class='ocrx_word' id='word_1_94' title='bbox 661 1279 698 1350; x_wconf 89' lang='lat' dir='ltr'>in</span> <span class='ocrx_word' id='word_1_95' title='bbox 719 1276 842 1350; x_wconf 88' lang='lat' dir='ltr'>eodem</span> <span class='ocrx_word' id='word_1_96' title='bbox 862 1275 997 1350; x_wconf 86' lang='lat' dir='ltr'>Diarin</span> <span class='ocrx_word' id='word_1_97' title='bbox 1016 1276 1192 1370; x_wconf 85' lang='lat' dir='ltr'>testatur,</span> <span class='ocrx_word' id='word_1_98' title='bbox 1220 1279 1313 1354; x_wconf 88' lang='lat' dir='ltr'>hunc</span> <span class='ocrx_word' id='word_1_99' title='bbox 1337 1286 1452 1359; x_wconf 89' lang='lat' dir='ltr'>caleu-</span> 
     </span>
     <span class='ocr_line' id='line_1_12' title="bbox 126 1375 1449 1478; baseline 0.003 -26"><span class='ocrx_word' id='word_1_100' title='bbox 126 1380 209 1452; x_wconf 89' lang='lat' dir='ltr'>lum</span> <span class='ocrx_word' id='word_1_101' title='bbox 242 1376 452 1478; x_wconf 87' lang='lat' dir='ltr'>nequidem</span> <span class='ocrx_word' id='word_1_102' title='bbox 474 1375 669 1478; x_wconf 82' lang='lat' dir='ltr'>intelligo;</span> <span class='ocrx_word' id='word_1_103' title='bbox 693 1377 802 1450; x_wconf 91' lang='lat' dir='ltr'>credo</span> <span class='ocrx_word' id='word_1_104' title='bbox 822 1375 1009 1475; x_wconf 78' lang='lat' dir='ltr'>equidem,</span> <span class='ocrx_word' id='word_1_105' title='bbox 1036 1402 1118 1451; x_wconf 86' lang='lat' dir='ltr'>cunt</span> <span class='ocrx_word' id='word_1_106' title='bbox 1134 1379 1344 1477; x_wconf 83' lang='lat' dir='ltr'>postremam</span> <span class='ocrx_word' id='word_1_107' title='bbox 1355 1381 1449 1456; x_wconf 89' lang='lat' dir='ltr'>suam</span> 
     </span>
     <span class='ocr_line' id='line_1_13' title="bbox 127 1475 1450 1578; baseline 0.003 -28"><span class='ocrx_word' id='word_1_108' title='bbox 127 1478 353 1559; x_wconf 75' lang='lat' dir='ltr'>sententiam</span> <span class='ocrx_word' id='word_1_109' title='bbox 372 1475 507 1566; x_wconf 89' lang='lat' dir='ltr'>ferret,</span> <span class='ocrx_word' id='word_1_110' title='bbox 535 1504 603 1574; x_wconf 84' lang='lat' dir='ltr'>prae</span> <span class='ocrx_word' id='word_1_111' title='bbox 620 1479 741 1551; x_wconf 87' lang='lat' dir='ltr'>surore</span> <span class='ocrx_word' id='word_1_112' title='bbox 760 1503 831 1549; x_wconf 90' lang='lat' dir='ltr'>non</span> <span class='ocrx_word' id='word_1_113' title='bbox 852 1475 1049 1548; x_wconf 73' lang='lat' dir='ltr'>meminisse</span> <span class='ocrx_word' id='word_1_114' title='bbox 1066 1477 1140 1571; x_wconf 78' lang='lat' dir='ltr'>ejus</span> <span class='ocrx_word' id='word_1_115' title='bbox 1156 1477 1252 1578; x_wconf 88' lang='lat' dir='ltr'>quod</span> <span class='ocrx_word' id='word_1_116' title='bbox 1271 1504 1374 1555; x_wconf 85' lang='lat' dir='ltr'>antea</span> <span class='ocrx_word' id='word_1_117' title='bbox 1402 1481 1450 1554; x_wconf 86' lang='lat' dir='ltr'>se·</span> 
     </span>
     <span class='ocr_line' id='line_1_14' title="bbox 128 1575 1452 1674; baseline 0.002 -21"><span class='ocrx_word' id='word_1_118' title='bbox 128 1579 222 1654; x_wconf 89' lang='lat' dir='ltr'>dato</span> <span class='ocrx_word' id='word_1_119' title='bbox 246 1578 371 1651; x_wconf 88' lang='lat' dir='ltr'>animo</span> <span class='ocrx_word' id='word_1_120' title='bbox 390 1575 591 1674; x_wconf 83' lang='lat' dir='ltr'>scripserat.</span> <span class='ocrx_word' id='word_1_121' title='bbox 619 1582 742 1651; x_wconf 84' lang='lat' dir='ltr'>Taceo</span> <span class='ocrx_word' id='word_1_122' title='bbox 758 1576 849 1665; x_wconf 87' lang='lat' dir='ltr'>alia,</span> <span class='ocrx_word' id='word_1_123' title='bbox 877 1599 915 1648; x_wconf 90' lang='lat' dir='ltr'>ut</span> <span class='ocrx_word' id='word_1_124' title='bbox 935 1600 1058 1648; x_wconf 88' lang='lat' dir='ltr'>rumor</span> <span class='ocrx_word' id='word_1_125' title='bbox 1075 1576 1167 1668; x_wconf 90' lang='lat' dir='ltr'>fert,</span> <span class='ocrx_word' id='word_1_126' title='bbox 1195 1575 1452 1655; x_wconf 75' lang='lat' dir='ltr'>disiuhorren·</span> 
     </span>
     <span class='ocr_line' id='line_1_15' title="bbox 130 1674 1453 1778; baseline 0.002 -28"><span class='ocrx_word' id='word_1_127' title='bbox 130 1679 202 1768; x_wconf 83' lang='lat' dir='ltr'>da,</span> <span class='ocrx_word' id='word_1_128' title='bbox 231 1701 280 1754; x_wconf 81' lang='lat' dir='ltr'>ex</span> <span class='ocrx_word' id='word_1_129' title='bbox 298 1676 423 1778; x_wconf 81' lang='lat' dir='ltr'>quibua</span> <span class='ocrx_word' id='word_1_130' title='bbox 441 1691 554 1772; x_wconf 80' lang='lat' dir='ltr'>nuper</span> <span class='ocrx_word' id='word_1_131' title='bbox 570 1676 744 1752; x_wconf 85' lang='lat' dir='ltr'>conflavit</span> <span class='ocrx_word' id='word_1_132' title='bbox 760 1674 918 1749; x_wconf 88' lang='lat' dir='ltr'>libellum</span> <span class='ocrx_word' id='word_1_133' title='bbox 948 1674 1104 1763; x_wconf 88' lang='lat' dir='ltr'>(editum</span> <span class='ocrx_word' id='word_1_134' title='bbox 1125 1704 1169 1750; x_wconf 92' lang='lat' dir='ltr'>an</span> <span class='ocrx_word' id='word_1_135' title='bbox 1187 1675 1364 1752; x_wconf 86' lang='lat' dir='ltr'>ineditum</span> <span class='ocrx_word' id='word_1_136' title='bbox 1392 1705 1453 1753; x_wconf 91' lang='lat' dir='ltr'>ne·</span> 
     </span>
     <span class='ocr_line' id='line_1_16' title="bbox 127 1774 1452 1876; baseline 0.002 -26"><span class='ocrx_word' id='word_1_137' title='bbox 127 1776 243 1864; x_wconf 90' lang='lat' dir='ltr'>scio)</span> <span class='ocrx_word' id='word_1_138' title='bbox 271 1801 378 1876; x_wconf 79' lang='lat' dir='ltr'>quem</span> <span class='ocrx_word' id='word_1_139' title='bbox 394 1801 471 1849; x_wconf 89' lang='lat' dir='ltr'>rum</span> <span class='ocrx_word' id='word_1_140' title='bbox 494 1777 772 1876; x_wconf 89' lang='lat' dir='ltr'>manuscriptum</span> <span class='ocrx_word' id='word_1_141' title='bbox 792 1774 1065 1849; x_wconf 83' lang='lat' dir='ltr'>circumferebat</span> <span class='ocrx_word' id='word_1_142' title='bbox 1114 1777 1196 1852; x_wconf 84' lang='lat' dir='ltr'>tarso</span> <span class='ocrx_word' id='word_1_143' title='bbox 1214 1776 1452 1853; x_wconf 86' lang='lat' dir='ltr'>destinatum.</span> 
     </span>
     <span class='ocr_line' id='line_1_17' title="bbox 129 1802 1452 1977; baseline 0.002 -28"><span class='ocrx_word' id='word_1_144' title='bbox 129 1879 326 1965; x_wconf 86' lang='lat' dir='ltr'>Fuerunt,</span> <span class='ocrx_word' id='word_1_145' title='bbox 354 1900 392 1949; x_wconf 90' lang='lat' dir='ltr'>ut</span> <span class='ocrx_word' id='word_1_146' title='bbox 412 1877 500 1949; x_wconf 89' lang='lat' dir='ltr'>mihi</span> <span class='ocrx_word' id='word_1_147' title='bbox 521 1876 719 1966; x_wconf 83' lang='lat' dir='ltr'>scribitur,</span> <span class='ocrx_word' id='word_1_148' title='bbox 743 1876 838 1950; x_wconf 83' lang='lat' dir='ltr'>iuter</span> <span class='ocrx_word' id='word_1_149' title='bbox 857 1873 949 1971; x_wconf 87' lang='lat' dir='ltr'>ipsos</span> <span class='ocrx_word' id='word_1_150' title='bbox 967 1802 1117 1950; x_wconf 70' lang='lat' dir='ltr'>adversi</span> <span class='ocrx_word' id='word_1_151' title='bbox 1136 1876 1245 1975; x_wconf 85' lang='lat' dir='ltr'>partis</span> <span class='ocrx_word' id='word_1_152' title='bbox 1260 1874 1452 1977; x_wconf 78' lang='lat' dir='ltr'>sequaces,</span> 
     </span>
     <span class='ocr_line' id='line_1_18' title="bbox 129 1973 1452 2077; baseline -0.001 -27"><span class='ocrx_word' id='word_1_153' title='bbox 129 1975 197 2075; x_wconf 90' lang='lat' dir='ltr'>qui</span> <span class='ocrx_word' id='word_1_154' title='bbox 219 1976 436 2073; x_wconf 82' lang='lat' dir='ltr'>perlegendo</span> <span class='ocrx_word' id='word_1_155' title='bbox 454 1975 716 2050; x_wconf 85' lang='lat' dir='ltr'>cohorruerunt</span> <span class='ocrx_word' id='word_1_156' title='bbox 735 2001 746 2062; x_wconf 80' lang='lat'>3</span> <span class='ocrx_word' id='word_1_157' title='bbox 774 1975 829 2049; x_wconf 90' lang='lat' dir='ltr'>sed</span> <span class='ocrx_word' id='word_1_158' title='bbox 849 1973 899 2046; x_wconf 89' lang='lat' dir='ltr'>ira</span> <span class='ocrx_word' id='word_1_159' title='bbox 919 1973 993 2047; x_wconf 90' lang='lat' dir='ltr'>sum</span> <span class='ocrx_word' id='word_1_160' title='bbox 1014 1975 1211 2071; x_wconf 73' lang='lat' dir='ltr'>animatur,</span> <span class='ocrx_word' id='word_1_161' title='bbox 1239 2001 1301 2065; x_wconf 87' lang='lat' dir='ltr'>ut,</span> <span class='ocrx_word' id='word_1_162' title='bbox 1326 2002 1452 2077; x_wconf 89' lang='lat' dir='ltr'>quern·</span> 
     </span>
     <span class='ocr_line' id='line_1_19' title="bbox 130 2071 1453 2175; baseline 0.002 -26"><span class='ocrx_word' id='word_1_163' title='bbox 130 2074 334 2149; x_wconf 84' lang='lat' dir='ltr'>admodum</span> <span class='ocrx_word' id='word_1_164' title='bbox 363 2073 437 2170; x_wconf 88' lang='lat' dir='ltr'>ejus</span> <span class='ocrx_word' id='word_1_165' title='bbox 462 2074 577 2175; x_wconf 87' lang='lat' dir='ltr'>elogia</span> <span class='ocrx_word' id='word_1_166' title='bbox 607 2102 662 2148; x_wconf 88' lang='lat' dir='ltr'>me</span> <span class='ocrx_word' id='word_1_167' title='bbox 679 2100 802 2175; x_wconf 89' lang='lat' dir='ltr'>parum</span> <span class='ocrx_word' id='word_1_168' title='bbox 823 2071 1051 2164; x_wconf 84' lang='lat' dir='ltr'>affecerunt,</span> <span class='ocrx_word' id='word_1_169' title='bbox 1077 2075 1127 2149; x_wconf 90' lang='lat' dir='ltr'>ita</span> <span class='ocrx_word' id='word_1_170' title='bbox 1147 2100 1212 2149; x_wconf 91' lang='lat' dir='ltr'>nec</span> <span class='ocrx_word' id='word_1_171' title='bbox 1230 2073 1304 2171; x_wconf 85' lang='lat' dir='ltr'>ejus</span> <span class='ocrx_word' id='word_1_172' title='bbox 1326 2099 1453 2151; x_wconf 91' lang='lat' dir='ltr'>contu·</span> 
     </span>
     <span class='ocr_line' id='line_1_20' title="bbox 131 2173 1454 2276; baseline 0.003 -30"><span class='ocrx_word' id='word_1_173' title='bbox 131 2174 264 2247; x_wconf 83' lang='lat' dir='ltr'>melias</span> <span class='ocrx_word' id='word_1_174' title='bbox 282 2173 415 2247; x_wconf 88' lang='lat' dir='ltr'>morari</span> <span class='ocrx_word' id='word_1_175' title='bbox 434 2175 644 2250; x_wconf 81' lang='lat' dir='ltr'>constituam</span> <span class='ocrx_word' id='word_1_176' title='bbox 665 2228 677 2264; x_wconf 88' lang='lat'>,</span> <span class='ocrx_word' id='word_1_177' title='bbox 705 2198 895 2274; x_wconf 90' lang='lat' dir='ltr'>utrumque</span> <span class='ocrx_word' id='word_1_178' title='bbox 922 2175 1047 2273; x_wconf 69' lang='lat' dir='ltr'>aquali</span> <span class='ocrx_word' id='word_1_179' title='bbox 1067 2174 1190 2247; x_wconf 89' lang='lat' dir='ltr'>animo</span> <span class='ocrx_word' id='word_1_180' title='bbox 1213 2198 1426 2276; x_wconf 79' lang='lat' dir='ltr'>excepturus</span> <span class='ocrx_word' id='word_1_181' title='bbox 1443 2229 1454 2250; x_wconf 86' lang='lat'><strong>.</strong></span> 
     </span>
     <span class='ocr_line' id='line_1_21' title="bbox 132 2271 1453 2373; baseline 0.003 -29"><span class='ocrx_word' id='word_1_182' title='bbox 132 2274 250 2363; x_wconf 79' lang='lat' dir='ltr'>Quod</span> <span class='ocrx_word' id='word_1_183' title='bbox 269 2273 363 2345; x_wconf 86' lang='lat' dir='ltr'>enim</span> <span class='ocrx_word' id='word_1_184' title='bbox 383 2273 558 2373; x_wconf 83' lang='lat' dir='ltr'>superiori</span> <span class='ocrx_word' id='word_1_185' title='bbox 574 2301 670 2348; x_wconf 88' lang='lat' dir='ltr'>anno</span> <span class='ocrx_word' id='word_1_186' title='bbox 687 2276 723 2348; x_wconf 90' lang='lat' dir='ltr'>in</span> <span class='ocrx_word' id='word_1_187' title='bbox 745 2274 850 2348; x_wconf 71' lang='lat' dir='ltr'>Adsis</span> <span class='ocrx_word' id='word_1_188' title='bbox 868 2271 960 2345; x_wconf 90' lang='lat' dir='ltr'>hisce</span> <span class='ocrx_word' id='word_1_189' title='bbox 978 2273 1116 2347; x_wconf 90' lang='lat' dir='ltr'>moneri</span> <span class='ocrx_word' id='word_1_190' title='bbox 1134 2275 1290 2366; x_wconf 86' lang='lat' dir='ltr'>curavi,</span> <span class='ocrx_word' id='word_1_191' title='bbox 1316 2301 1374 2349; x_wconf 90' lang='lat' dir='ltr'>me</span> <span class='ocrx_word' id='word_1_192' title='bbox 1393 2290 1453 2348; x_wconf 79' lang='lat' dir='ltr'>ne·</span> 
     </span>
     <span class='ocr_line' id='line_1_22' title="bbox 130 2370 1452 2472; baseline 0.002 -28"><span class='ocrx_word' id='word_1_193' title='bbox 130 2371 228 2456; x_wconf 82' lang='lat' dir='ltr'>mini</span> <span class='ocrx_word' id='word_1_194' title='bbox 248 2370 515 2468; x_wconf 87' lang='lat' dir='ltr'>responsurum,</span> <span class='ocrx_word' id='word_1_195' title='bbox 539 2376 601 2471; x_wconf 90' lang='lat' dir='ltr'>qui</span> <span class='ocrx_word' id='word_1_196' title='bbox 617 2373 792 2449; x_wconf 80' lang='lat' dir='ltr'>aculeis&amp;</span> <span class='ocrx_word' id='word_1_197' title='bbox 805 2371 981 2448; x_wconf 78' lang='lat' dir='ltr'>conviciis</span> <span class='ocrx_word' id='word_1_198' title='bbox 999 2373 1155 2448; x_wconf 89' lang='lat' dir='ltr'>militare</span> <span class='ocrx_word' id='word_1_199' title='bbox 1174 2375 1304 2464; x_wconf 85' lang='lat' dir='ltr'>vellet,</span> <span class='ocrx_word' id='word_1_200' title='bbox 1332 2372 1452 2472; x_wconf 86' lang='lat' dir='ltr'>idjam</span> 
     </span>
     <span class='ocr_line' id='line_1_23' title="bbox 132 2470 1452 2568; baseline -0.001 -25"><span class='ocrx_word' id='word_1_201' title='bbox 132 2493 266 2566; x_wconf 88' lang='lat' dir='ltr'>repeto</span> <span class='ocrx_word' id='word_1_202' title='bbox 285 2490 391 2568; x_wconf 83' lang='lat' dir='ltr'>atque</span> <span class='ocrx_word' id='word_1_203' title='bbox 408 2470 621 2544; x_wconf 75' lang='lat' dir='ltr'>sandliffrme</span> <span class='ocrx_word' id='word_1_204' title='bbox 639 2472 833 2543; x_wconf 78' lang='lat' dir='ltr'>observabo</span> <span class='ocrx_word' id='word_1_205' title='bbox 853 2522 865 2557; x_wconf 94' lang='lat'>‚</span> <span class='ocrx_word' id='word_1_206' title='bbox 890 2471 1029 2543; x_wconf 83' lang='lat' dir='ltr'>securus</span> <span class='ocrx_word' id='word_1_207' title='bbox 1047 2472 1170 2567; x_wconf 87' lang='lat' dir='ltr'>utique</span> <span class='ocrx_word' id='word_1_208' title='bbox 1191 2524 1202 2559; x_wconf 91' lang='lat'>,</span> <span class='ocrx_word' id='word_1_209' title='bbox 1230 2498 1286 2544; x_wconf 92' lang='lat' dir='ltr'>me</span> <span class='ocrx_word' id='word_1_210' title='bbox 1309 2497 1452 2568; x_wconf 86' lang='lat' dir='ltr'>quoque</span> 
     </span>
     <span class='ocr_line' id='line_1_24' title="bbox 131 2566 1451 2656; baseline -0.002 -16"><span class='ocrx_word' id='word_1_211' title='bbox 131 2570 263 2648; x_wconf 78' lang='lat' dir='ltr'>silente</span> <span class='ocrx_word' id='word_1_212' title='bbox 282 2566 537 2642; x_wconf 83' lang='lat' dir='ltr'>maledicorum</span> <span class='ocrx_word' id='word_1_213' title='bbox 556 2591 705 2639; x_wconf 85' lang='lat' dir='ltr'>conatus</span> <span class='ocrx_word' id='word_1_214' title='bbox 722 2568 758 2638; x_wconf 87' lang='lat' dir='ltr'>in</span> <span class='ocrx_word' id='word_1_215' title='bbox 777 2568 915 2648; x_wconf 86' lang='lat' dir='ltr'>sumum</span> <span class='ocrx_word' id='word_1_216' title='bbox 936 2567 1055 2656; x_wconf 90' lang='lat' dir='ltr'>abire,</span> <span class='ocrx_word' id='word_1_217' title='bbox 1082 2566 1126 2638; x_wconf 91' lang='lat' dir='ltr'>ab</span> <span class='ocrx_word' id='word_1_218' title='bbox 1139 2566 1209 2637; x_wconf 84' lang='lat' dir='ltr'>illis</span> <span class='ocrx_word' id='word_1_219' title='bbox 1225 2566 1323 2639; x_wconf 86' lang='lat' dir='ltr'>enim</span> <span class='ocrx_word' id='word_1_220' title='bbox 1336 2590 1451 2638; x_wconf 88' lang='lat' dir='ltr'>meam</span> 
     </span>
     <span class='ocr_line' id='line_1_25' title="bbox 56 2664 1177 2767; baseline -0.004 -25"><span class='ocrx_word' id='word_1_221' title='bbox 56 2672 65 2694; x_wconf 81' lang='lat'>‘</span> <span class='ocrx_word' id='word_1_222' title='bbox 131 2669 422 2767; x_wconf 84' lang='lat' dir='ltr'>qualemcunque</span> <span class='ocrx_word' id='word_1_223' title='bbox 438 2664 738 2740; x_wconf 84' lang='lat' dir='ltr'>existimationem</span> <span class='ocrx_word' id='word_1_224' title='bbox 759 2664 955 2764; x_wconf 87' lang='lat' dir='ltr'>dependere</span> <span class='ocrx_word' id='word_1_225' title='bbox 971 2691 1046 2736; x_wconf 84' lang='lat' dir='ltr'>nort</span> <span class='ocrx_word' id='word_1_226' title='bbox 1066 2685 1177 2763; x_wconf 88' lang='lat' dir='ltr'>puto.</span> 
     </span>
    </p>

    <p class='ocr_par' dir='ltr' id='par_1_3' title="bbox 130 2762 1633 3754">
     <span class='ocr_line' id='line_1_26' title="bbox 184 2762 1453 2863; baseline -0.001 -23"><span class='ocrx_word' id='word_1_227' title='bbox 184 2766 349 2854; x_wconf 78' lang='lat' dir='ltr'>Materia</span> <span class='ocrx_word' id='word_1_228' title='bbox 368 2788 485 2842; x_wconf 87' lang='lat' dir='ltr'>autem</span> <span class='ocrx_word' id='word_1_229' title='bbox 498 2766 592 2839; x_wconf 90' lang='lat' dir='ltr'>circa</span> <span class='ocrx_word' id='word_1_230' title='bbox 610 2790 716 2863; x_wconf 86' lang='lat' dir='ltr'>quarn</span> <span class='ocrx_word' id='word_1_231' title='bbox 736 2789 820 2837; x_wconf 77' lang='lat' dir='ltr'>mea</span> <span class='ocrx_word' id='word_1_232' title='bbox 831 2762 1151 2838; x_wconf 78' lang='lat' dir='ltr'>animadversores</span> <span class='ocrx_word' id='word_1_233' title='bbox 1169 2787 1330 2838; x_wconf 86' lang='lat' dir='ltr'>errorum</span> <span class='ocrx_word' id='word_1_234' title='bbox 1342 2768 1453 2839; x_wconf 88' lang='lat' dir='ltr'>New·</span> 
     </span>
     <span class='ocr_line' id='line_1_27' title="bbox 132 2861 1453 2964; baseline -0.001 -24"><span class='ocrx_word' id='word_1_235' title='bbox 132 2864 372 2940; x_wconf 86' lang='lat' dir='ltr'>toniartorum</span> <span class='ocrx_word' id='word_1_236' title='bbox 394 2865 627 2939; x_wconf 85' lang='lat' dir='ltr'>versabantur</span> <span class='ocrx_word' id='word_1_237' title='bbox 643 2862 802 2938; x_wconf 90' lang='lat' dir='ltr'>desumta</span> <span class='ocrx_word' id='word_1_238' title='bbox 823 2887 898 2937; x_wconf 88' lang='lat' dir='ltr'>erat</span> <span class='ocrx_word' id='word_1_239' title='bbox 915 2861 1196 2937; x_wconf 74' lang='lat' dir='ltr'>exScslionibus</span> <span class='ocrx_word' id='word_1_240' title='bbox 1211 2887 1365 2962; x_wconf 90' lang='lat' dir='ltr'>quatuor</span> <span class='ocrx_word' id='word_1_241' title='bbox 1382 2865 1453 2964; x_wconf 90' lang='lat' dir='ltr'>pri·</span> 
     </span>
     <span class='ocr_line' id='line_1_28' title="bbox 135 2957 1633 3064; baseline 0.002 -32"><span class='ocrx_word' id='word_1_242' title='bbox 135 2963 265 3052; x_wconf 78' lang='lat' dir='ltr'>oribus</span> <span class='ocrx_word' id='word_1_243' title='bbox 282 2964 381 3042; x_wconf 84' lang='lat' dir='ltr'>Libri</span> <span class='ocrx_word' id='word_1_244' title='bbox 402 2964 545 3039; x_wconf 86' lang='lat' dir='ltr'>secundi</span> <span class='ocrx_word' id='word_1_245' title='bbox 564 2962 799 3062; x_wconf 79' lang='lat' dir='ltr'>Philosophiae</span> <span class='ocrx_word' id='word_1_246' title='bbox 817 2967 951 3038; x_wconf 82' lang='lat' dir='ltr'>Natur.</span> <span class='ocrx_word' id='word_1_247' title='bbox 973 2960 1257 3058; x_wconf 87' lang='lat' dir='ltr'>Principiorum:</span> <span class='ocrx_word' id='word_1_248' title='bbox 1290 2969 1453 3064; x_wconf 81' lang='lat' dir='ltr'>Antago·</span> <span class='ocrx_word' id='word_1_249' title='bbox 1474 2957 1545 3042; x_wconf 74' lang='lat'>1³³8·</span> <span class='ocrx_word' id='word_1_250' title='bbox 1566 2979 1633 3035; x_wconf 80' lang='lat'>219·</span> 
     </span>
     <span class='ocr_line' id='line_1_29' title="bbox 133 3057 1454 3169; baseline 0.002 -35"><span class='ocrx_word' id='word_1_251' title='bbox 133 3060 256 3147; x_wconf 84' lang='lat' dir='ltr'>nilla,</span> <span class='ocrx_word' id='word_1_252' title='bbox 284 3085 324 3133; x_wconf 89' lang='lat' dir='ltr'>ut</span> <span class='ocrx_word' id='word_1_253' title='bbox 341 3088 508 3136; x_wconf 80' lang='lat' dir='ltr'>extenuet</span> <span class='ocrx_word' id='word_1_254' title='bbox 537 3089 654 3134; x_wconf 88' lang='lat' dir='ltr'>meum</span> <span class='ocrx_word' id='word_1_255' title='bbox 682 3064 840 3136; x_wconf 89' lang='lat' dir='ltr'>laborem</span> <span class='ocrx_word' id='word_1_256' title='bbox 862 3119 873 3150; x_wconf 89' lang='lat'>‚</span> <span class='ocrx_word' id='word_1_257' title='bbox 900 3057 1062 3135; x_wconf 90' lang='lat' dir='ltr'>causatur</span> <span class='ocrx_word' id='word_1_258' title='bbox 1085 3061 1123 3131; x_wconf 92' lang='lat' dir='ltr'>in</span> <span class='ocrx_word' id='word_1_259' title='bbox 1144 3059 1261 3169; x_wconf 87' lang='lat' dir='ltr'>aliqua</span> <span class='ocrx_word' id='word_1_260' title='bbox 1277 3061 1454 3159; x_wconf 84' lang='lat' dir='ltr'>epislole,</span> 
     </span>
     <span class='ocr_line' id='line_1_30' title="bbox 133 3155 1453 3257; baseline 0.005 -27"><span class='ocrx_word' id='word_1_261' title='bbox 133 3155 238 3252; x_wconf 82' lang='lat' dir='ltr'>cnjus</span> <span class='ocrx_word' id='word_1_262' title='bbox 255 3157 498 3256; x_wconf 85' lang='lat' dir='ltr'>apographum</span> <span class='ocrx_word' id='word_1_263' title='bbox 518 3157 594 3252; x_wconf 85' lang='lat' dir='ltr'>ipso</span> <span class='ocrx_word' id='word_1_264' title='bbox 611 3157 853 3256; x_wconf 82' lang='lat' dir='ltr'>iradirigente</span> <span class='ocrx_word' id='word_1_265' title='bbox 869 3159 981 3230; x_wconf 83' lang='lat' dir='ltr'>adme</span> <span class='ocrx_word' id='word_1_266' title='bbox 998 3158 1138 3230; x_wconf 80' lang='lat' dir='ltr'>missum</span> <span class='ocrx_word' id='word_1_267' title='bbox 1157 3156 1247 3245; x_wconf 86' lang='lat' dir='ltr'>furt,</span> <span class='ocrx_word' id='word_1_268' title='bbox 1274 3163 1369 3257; x_wconf 89' lang='lat' dir='ltr'>quod</span> <span class='ocrx_word' id='word_1_269' title='bbox 1381 3160 1453 3236; x_wconf 81' lang='lat' dir='ltr'>hec</span> 
     </span>
     <span class='ocr_line' id='line_1_31' title="bbox 135 3253 1453 3352; baseline -0.001 -22"><span class='ocrx_word' id='word_1_270' title='bbox 135 3256 242 3330; x_wconf 85' lang='lat' dir='ltr'>unica</span> <span class='ocrx_word' id='word_1_271' title='bbox 260 3280 338 3352; x_wconf 83' lang='lat' dir='ltr'>pars</span> <span class='ocrx_word' id='word_1_272' title='bbox 357 3255 595 3346; x_wconf 67' lang='lat' dir='ltr'>Philosophia</span> <span class='ocrx_word' id='word_1_273' title='bbox 612 3257 889 3339; x_wconf 80' lang='lat' dir='ltr'>Neurtonianae,</span> <span class='ocrx_word' id='word_1_274' title='bbox 906 3280 1014 3351; x_wconf 90' lang='lat' dir='ltr'>quam</span> <span class='ocrx_word' id='word_1_275' title='bbox 1027 3255 1085 3326; x_wconf 68' lang='lat' dir='ltr'>&#39;ait</span> <span class='ocrx_word' id='word_1_276' title='bbox 1104 3280 1160 3323; x_wconf 86' lang='lat' dir='ltr'>me</span> <span class='ocrx_word' id='word_1_277' title='bbox 1179 3253 1318 3327; x_wconf 88' lang='lat' dir='ltr'>summo</span> <span class='ocrx_word' id='word_1_278' title='bbox 1339 3256 1453 3333; x_wconf 82' lang='lat' dir='ltr'>{ludio</span> 
     </span>
     <span class='ocr_line' id='line_1_32' title="bbox 132 3348 1453 3448; baseline -0.009 -21"><span class='ocrx_word' id='word_1_279' title='bbox 132 3352 380 3440; x_wconf 80' lang='lat' dir='ltr'>excoluisse&amp;</span> <span class='ocrx_word' id='word_1_280' title='bbox 399 3349 640 3436; x_wconf 80' lang='lat' dir='ltr'>examinasse,</span> <span class='ocrx_word' id='word_1_281' title='bbox 666 3348 796 3422; x_wconf 86' lang='lat' dir='ltr'>nullius</span> <span class='ocrx_word' id='word_1_282' title='bbox 823 3349 862 3419; x_wconf 83' lang='lat' dir='ltr'>ht</span> <span class='ocrx_word' id='word_1_283' title='bbox 885 3351 1060 3420; x_wconf 87' lang='lat' dir='ltr'>momenti</span> <span class='ocrx_word' id='word_1_284' title='bbox 1078 3376 1089 3434; x_wconf 83' lang='lat'>3</span> <span class='ocrx_word' id='word_1_285' title='bbox 1117 3349 1281 3448; x_wconf 84' lang='lat' dir='ltr'>quamvis</span> <span class='ocrx_word' id='word_1_286' title='bbox 1301 3355 1453 3429; x_wconf 74' lang='lat' dir='ltr'>Newto.</span> 
     </span>
     <span class='ocr_line' id='line_1_33' title="bbox 130 3442 1452 3550; baseline -0.002 -25"><span class='ocrx_word' id='word_1_287' title='bbox 130 3479 199 3534; x_wconf 79' lang='lat' dir='ltr'>nus</span> <span class='ocrx_word' id='word_1_288' title='bbox 217 3450 289 3550; x_wconf 84' lang='lat' dir='ltr'>ipse</span> <span class='ocrx_word' id='word_1_289' title='bbox 308 3451 413 3549; x_wconf 81' lang='lat' dir='ltr'>longe</span> <span class='ocrx_word' id='word_1_290' title='bbox 431 3449 536 3522; x_wconf 86' lang='lat' dir='ltr'>aliter</span> <span class='ocrx_word' id='word_1_291' title='bbox 558 3447 688 3519; x_wconf 88' lang='lat' dir='ltr'>sentire</span> <span class='ocrx_word' id='word_1_292' title='bbox 706 3446 849 3520; x_wconf 78' lang='lat' dir='ltr'>uidetur</span> <span class='ocrx_word' id='word_1_293' title='bbox 868 3445 904 3516; x_wconf 93' lang='lat' dir='ltr'>in</span> <span class='ocrx_word' id='word_1_294' title='bbox 924 3442 995 3518; x_wconf 86' lang='lat' dir='ltr'>fine</span> <span class='ocrx_word' id='word_1_295' title='bbox 1010 3446 1186 3519; x_wconf 73' lang='lat' dir='ltr'>Sedlionis</span> <span class='ocrx_word' id='word_1_296' title='bbox 1204 3472 1338 3546; x_wconf 86' lang='lat' dir='ltr'>quartae</span> <span class='ocrx_word' id='word_1_297' title='bbox 1356 3500 1368 3537; x_wconf 87' lang='lat'>‚</span> <span class='ocrx_word' id='word_1_298' title='bbox 1398 3476 1452 3522; x_wconf 88' lang='lat' dir='ltr'>ut·</span> 
     </span>
     <span class='ocr_line' id='line_1_34' title="bbox 134 3545 1452 3653; baseline -0.003 -27"><span class='ocrx_word' id='word_1_299' title='bbox 134 3576 221 3653; x_wconf 90' lang='lat' dir='ltr'>pote</span> <span class='ocrx_word' id='word_1_300' title='bbox 242 3550 304 3649; x_wconf 89' lang='lat' dir='ltr'>qui</span> <span class='ocrx_word' id='word_1_301' title='bbox 327 3547 387 3626; x_wconf 77' lang='lat' dir='ltr'>hae</span> <span class='ocrx_word' id='word_1_302' title='bbox 404 3546 665 3647; x_wconf 81' lang='lat' dir='ltr'>disquibriouet</span> <span class='ocrx_word' id='word_1_303' title='bbox 682 3569 787 3619; x_wconf 85' lang='lat' dir='ltr'>vocat</span> <span class='ocrx_word' id='word_1_304' title='bbox 812 3546 1022 3643; x_wconf 81' lang='lat' dir='ltr'>perplexas,</span> <span class='ocrx_word' id='word_1_305' title='bbox 1049 3567 1089 3616; x_wconf 87' lang='lat' dir='ltr'>ac</span> <span class='ocrx_word' id='word_1_306' title='bbox 1109 3546 1211 3640; x_wconf 85' lang='lat' dir='ltr'>proin</span> <span class='ocrx_word' id='word_1_307' title='bbox 1238 3545 1452 3622; x_wconf 86' lang='lat' dir='ltr'>hauddubie</span> 
     </span>
     <span class='ocr_line' id='line_1_35' title="bbox 134 3641 1310 3754; baseline -0.003 -30"><span class='ocrx_word' id='word_1_308' title='bbox 134 3678 208 3754; x_wconf 77' lang='lat' dir='ltr'>prae</span> <span class='ocrx_word' id='word_1_309' title='bbox 227 3649 375 3748; x_wconf 80' lang='lat' dir='ltr'>reliquis</span> <span class='ocrx_word' id='word_1_310' title='bbox 393 3648 538 3746; x_wconf 83' lang='lat' dir='ltr'>dignas,</span> <span class='ocrx_word' id='word_1_311' title='bbox 565 3669 603 3720; x_wconf 92' lang='lat' dir='ltr'>ut</span> <span class='ocrx_word' id='word_1_312' title='bbox 622 3644 788 3745; x_wconf 80' lang='lat' dir='ltr'>singulari</span> <span class='ocrx_word' id='word_1_313' title='bbox 807 3643 1009 3720; x_wconf 83' lang='lat' dir='ltr'>attentione</span> <span class='ocrx_word' id='word_1_314' title='bbox 1031 3641 1310 3739; x_wconf 72' lang='lat' dir='ltr'>pertraslentur.</span> 
     </span>
    </p>

    <p class='ocr_par' dir='ltr' id='par_1_4' title="bbox 134 3739 1461 4726">
     <span class='ocr_line' id='line_1_36' title="bbox 139 3739 1453 3864; baseline -0.001 -43"><span class='ocrx_word' id='word_1_315' title='bbox 139 3819 144 3826; x_wconf 91' lang='grc'><em>,</em></span> <span class='ocrx_word' id='word_1_316' title='bbox 188 3750 391 3838; x_wconf 62' lang='lat' dir='ltr'>‚Credebam</span> <span class='ocrx_word' id='word_1_317' title='bbox 410 3773 478 3847; x_wconf 78' lang='lat' dir='ltr'>ego</span> <span class='ocrx_word' id='word_1_318' title='bbox 494 3745 630 3864; x_wconf 78' lang='lat' dir='ltr'>,quod</span> <span class='ocrx_word' id='word_1_319' title='bbox 656 3744 693 3818; x_wconf 90' lang='lat' dir='ltr'>in</span> <span class='ocrx_word' id='word_1_320' title='bbox 714 3743 888 3818; x_wconf 88' lang='lat' dir='ltr'>honorem</span> <span class='ocrx_word' id='word_1_321' title='bbox 908 3739 1087 3816; x_wconf 87' lang='lat' dir='ltr'>Newtoni</span> <span class='ocrx_word' id='word_1_322' title='bbox 1107 3739 1211 3814; x_wconf 88' lang='lat' dir='ltr'>fateri</span> <span class='ocrx_word' id='word_1_323' title='bbox 1230 3770 1302 3820; x_wconf 91' lang='lat' dir='ltr'>non</span> <span class='ocrx_word' id='word_1_324' title='bbox 1321 3748 1453 3847; x_wconf 87' lang='lat' dir='ltr'>pudet,</span> 
     </span>
     <span class='ocr_line' id='line_1_37' title="bbox 134 3841 1453 3945; baseline -0.003 -17"><span class='ocrx_word' id='word_1_325' title='bbox 134 3851 172 3932; x_wconf 90' lang='lat' dir='ltr'>in</span> <span class='ocrx_word' id='word_1_326' title='bbox 192 3874 279 3936; x_wconf 81' lang='lat' dir='ltr'>roro</span> <span class='ocrx_word' id='word_1_327' title='bbox 298 3847 373 3945; x_wconf 69' lang='lat' dir='ltr'>eiua</span> <span class='ocrx_word' id='word_1_328' title='bbox 390 3872 498 3944; x_wconf 77' lang='lat' dir='ltr'>opere</span> <span class='ocrx_word' id='word_1_329' title='bbox 519 3844 705 3924; x_wconf 68' lang='lat' dir='ltr'>tribilion</span> <span class='ocrx_word' id='word_1_330' title='bbox 727 3842 989 3918; x_wconf 89' lang='lat' dir='ltr'>momentosum</span> <span class='ocrx_word' id='word_1_331' title='bbox 1009 3841 1216 3916; x_wconf 84' lang='lat' dir='ltr'>contineri:</span> <span class='ocrx_word' id='word_1_332' title='bbox 1245 3848 1371 3922; x_wconf 72' lang='lat' dir='ltr'>Scottis</span> <span class='ocrx_word' id='word_1_333' title='bbox 1392 3875 1453 3924; x_wconf 87' lang='lat' dir='ltr'>vc·</span> 
     </span>
     <span class='ocr_line' id='line_1_38' title="bbox 135 3940 1453 4048; baseline -0.004 -23"><span class='ocrx_word' id='word_1_334' title='bbox 135 3979 177 4025; x_wconf 90' lang='lat' dir='ltr'>ro</span> <span class='ocrx_word' id='word_1_335' title='bbox 200 3948 346 4039; x_wconf 64' lang='lat' dir='ltr'>noster,</span> <span class='ocrx_word' id='word_1_336' title='bbox 370 3948 434 4048; x_wconf 85' lang='lat' dir='ltr'>qui</span> <span class='ocrx_word' id='word_1_337' title='bbox 453 3946 671 4045; x_wconf 70' lang='lat' dir='ltr'>ceteroquim</span> <span class='ocrx_word' id='word_1_338' title='bbox 686 3944 795 4020; x_wconf 82' lang='lat' dir='ltr'>etiam</span> <span class='ocrx_word' id='word_1_339' title='bbox 817 3969 957 4018; x_wconf 81' lang='lat' dir='ltr'>errores</span> <span class='ocrx_word' id='word_1_340' title='bbox 976 3940 1049 4038; x_wconf 85' lang='lat' dir='ltr'>ejus</span> <span class='ocrx_word' id='word_1_341' title='bbox 1068 3941 1246 4017; x_wconf 83' lang='lat' dir='ltr'>mordicus</span> <span class='ocrx_word' id='word_1_342' title='bbox 1264 3943 1453 4020; x_wconf 72' lang='lat' dir='ltr'>defendere</span> 
     </span>
     <span class='ocr_line' id='line_1_39' title="bbox 135 4040 1453 4148; baseline -0.009 -21"><span class='ocrx_word' id='word_1_343' title='bbox 135 4049 299 4148; x_wconf 69' lang='lat' dir='ltr'>satagit,</span> <span class='ocrx_word' id='word_1_344' title='bbox 341 4073 434 4126; x_wconf 78' lang='lat' dir='ltr'>nune</span> <span class='ocrx_word' id='word_1_345' title='bbox 462 4069 600 4145; x_wconf 75' lang='lat' dir='ltr'>partem</span> <span class='ocrx_word' id='word_1_346' title='bbox 630 4045 772 4120; x_wconf 81' lang='lat' dir='ltr'>invenit</span> <span class='ocrx_word' id='word_1_347' title='bbox 800 4043 995 4117; x_wconf 87' lang='lat' dir='ltr'>notabilem</span> <span class='ocrx_word' id='word_1_348' title='bbox 1026 4040 1155 4142; x_wconf 86' lang='lat' dir='ltr'>Operis</span> <span class='ocrx_word' id='word_1_349' title='bbox 1182 4040 1453 4135; x_wconf 88' lang='lat' dir='ltr'>Newtoniani,</span> 
     </span>
     <span class='ocr_line' id='line_1_40' title="bbox 137 4135 1450 4250; baseline -0.014 -15"><span class='ocrx_word' id='word_1_350' title='bbox 137 4176 245 4249; x_wconf 64' lang='lat' dir='ltr'>quum</span> <span class='ocrx_word' id='word_1_351' title='bbox 266 4171 446 4250; x_wconf 76' lang='lat' dir='ltr'>tanquam.</span> <span class='ocrx_word' id='word_1_352' title='bbox 466 4147 570 4224; x_wconf 76' lang='lat' dir='ltr'>nauci</span> <span class='ocrx_word' id='word_1_353' title='bbox 597 4146 760 4246; x_wconf 74' lang='lat' dir='ltr'>exagitat</span> <span class='ocrx_word' id='word_1_354' title='bbox 788 4170 828 4217; x_wconf 86' lang='lat' dir='ltr'>ae</span> <span class='ocrx_word' id='word_1_355' title='bbox 849 4141 1036 4242; x_wconf 82' lang='lat' dir='ltr'>vilipendit</span> <span class='ocrx_word' id='word_1_356' title='bbox 1055 4167 1077 4228; x_wconf 68' lang='grc' dir='ltr'>ς,</span> <span class='ocrx_word' id='word_1_357' title='bbox 1104 4141 1154 4214; x_wconf 89' lang='lat' dir='ltr'>ita</span> <span class='ocrx_word' id='word_1_358' title='bbox 1178 4135 1266 4212; x_wconf 90' lang='lat' dir='ltr'>solet</span> <span class='ocrx_word' id='word_1_359' title='bbox 1284 4137 1385 4214; x_wconf 88' lang='lat' dir='ltr'>suror</span> <span class='ocrx_word' id='word_1_360' title='bbox 1413 4141 1450 4217; x_wconf 91' lang='lat' dir='ltr'>in</span> 
     </span>
     <span class='ocr_line' id='line_1_41' title="bbox 138 4239 1454 4350; baseline -0.003 -32"><span class='ocrx_word' id='word_1_361' title='bbox 138 4249 378 4330; x_wconf 71' lang='lat' dir='ltr'>transuersum</span> <span class='ocrx_word' id='word_1_362' title='bbox 393 4273 501 4350; x_wconf 78' lang='lat' dir='ltr'>agere</span> <span class='ocrx_word' id='word_1_363' title='bbox 522 4247 693 4344; x_wconf 73' lang='lat' dir='ltr'>quosdam</span> <span class='ocrx_word' id='word_1_364' title='bbox 709 4244 892 4333; x_wconf 80' lang='lat' dir='ltr'>homiues,</span> <span class='ocrx_word' id='word_1_365' title='bbox 936 4242 969 4315; x_wconf 89' lang='lat' dir='ltr'>ui</span> <span class='ocrx_word' id='word_1_366' title='bbox 981 4240 1045 4320; x_wconf 80' lang='lat' dir='ltr'>stbi</span> <span class='ocrx_word' id='word_1_367' title='bbox 1065 4239 1217 4313; x_wconf 88' lang='lat' dir='ltr'>libenter</span> <span class='ocrx_word' id='word_1_368' title='bbox 1234 4263 1342 4314; x_wconf 87' lang='lat' dir='ltr'>unum</span> <span class='ocrx_word' id='word_1_369' title='bbox 1354 4267 1454 4315; x_wconf 85' lang='lat' dir='ltr'>eroe-</span> 
     </span>
     <span class='ocr_line' id='line_1_42' title="bbox 138 4335 1452 4440; baseline -0.005 -20"><span class='ocrx_word' id='word_1_370' title='bbox 138 4371 221 4424; x_wconf 88' lang='lat' dir='ltr'>rent</span> <span class='ocrx_word' id='word_1_371' title='bbox 236 4349 382 4432; x_wconf 74' lang='lat' dir='ltr'>,oculum</span> <span class='ocrx_word' id='word_1_372' title='bbox 402 4399 412 4440; x_wconf 89' lang='lat'>,</span> <span class='ocrx_word' id='word_1_373' title='bbox 437 4348 647 4428; x_wconf 82' lang='lat' dir='ltr'>dummodo.</span> <span class='ocrx_word' id='word_1_374' title='bbox 663 4345 788 4420; x_wconf 82' lang='lat' dir='ltr'>lioerer</span> <span class='ocrx_word' id='word_1_375' title='bbox 815 4342 921 4422; x_wconf 88' lang='lat' dir='ltr'>ambo</span> <span class='ocrx_word' id='word_1_376' title='bbox 972 4339 1129 4416; x_wconf 79' lang='lat' dir='ltr'>torbace</span> <span class='ocrx_word' id='word_1_377' title='bbox 1146 4362 1205 4411; x_wconf 80' lang='lat' dir='ltr'>eos</span> <span class='ocrx_word' id='word_1_378' title='bbox 1228 4335 1354 4438; x_wconf 81' lang='lat' dir='ltr'>quibus</span> <span class='ocrx_word' id='word_1_379' title='bbox 1371 4339 1452 4414; x_wconf 86' lang='lat' dir='ltr'>sunt</span> 
     </span>
     <span class='ocr_line' id='line_1_43' title="bbox 138 4436 1453 4547; baseline -0.011 -19"><span class='ocrx_word' id='word_1_380' title='bbox 138 4443 287 4528; x_wconf 63' lang='lat' dir='ltr'>infesti,</span> <span class='ocrx_word' id='word_1_381' title='bbox 321 4448 476 4528; x_wconf 81' lang='lat' dir='ltr'>Inrerim</span> <span class='ocrx_word' id='word_1_382' title='bbox 498 4446 554 4524; x_wconf 84' lang='lat' dir='ltr'>hic</span> <span class='ocrx_word' id='word_1_383' title='bbox 574 4446 709 4544; x_wconf 79' lang='lat' dir='ltr'>¹iterum</span> <span class='ocrx_word' id='word_1_384' title='bbox 730 4444 884 4543; x_wconf 84' lang='lat' dir='ltr'>turpiter</span> <span class='ocrx_word' id='word_1_385' title='bbox 909 4444 1028 4547; x_wconf 83' lang='lat' dir='ltr'>prodit</span> <span class='ocrx_word' id='word_1_386' title='bbox 1047 4436 1206 4512; x_wconf 86' lang='lat' dir='ltr'>insanum</span> <span class='ocrx_word' id='word_1_387' title='bbox 1226 4490 1238 4528; x_wconf 95' lang='lat'>,</span> <span class='ocrx_word' id='word_1_388' title='bbox 1261 4462 1334 4538; x_wconf 90' lang='lat' dir='ltr'>quo</span> <span class='ocrx_word' id='word_1_389' title='bbox 1355 4438 1453 4514; x_wconf 78' lang='lat' dir='ltr'>labo·</span> 
     </span>
     <span class='ocr_line' id='line_1_44' title="bbox 138 4536 1461 4709; baseline -0.011 -87"><span class='ocrx_word' id='word_1_390' title='bbox 138 4571 215 4640; x_wconf 87' lang='lat' dir='ltr'>tat,</span> <span class='ocrx_word' id='word_1_391' title='bbox 244 4545 464 4654; x_wconf 80' lang='lat' dir='ltr'>sibimetipsi</span> <span class='ocrx_word' id='word_1_392' title='bbox 481 4546 750 4627; x_wconf 75' lang='lat' dir='ltr'>coerradieeadi</span> <span class='ocrx_word' id='word_1_393' title='bbox 768 4544 952 4646; x_wconf 77' lang='lat' dir='ltr'>cacoethes</span> <span class='ocrx_word' id='word_1_394' title='bbox 968 4597 979 4619; x_wconf 85' lang='lat'><strong>.</strong></span> <span class='ocrx_word' id='word_1_395' title='bbox 1007 4537 1193 4640; x_wconf 78' lang='lat' dir='ltr'>Postquam</span> <span class='ocrx_word' id='word_1_396' title='bbox 1210 4536 1461 4709; x_wconf 46' lang='lat' dir='ltr'>enimgraedb</span> 
     </span>
     <span class='ocr_line' id='line_1_45' title="bbox 1040 4659 1402 4726; baseline 0.003 -19"><span class='ocrx_word' id='word_1_397' title='bbox 1040 4681 1073 4726; x_wconf 42' lang='grc' dir='ltr'>ρ,</span> <span class='ocrx_word' id='word_1_398' title='bbox 1345 4659 1402 4708; x_wconf 88' lang='lat' dir='ltr'>am</span> 
     </span>
    </p>
   </div>
   <div class='ocr_carea' id='block_1_3' title="bbox 0 0 1875 5434">
    <p class='ocr_par' dir='ltr' id='par_1_5' title="bbox 0 0 1875 5434">
     <span class='ocr_line' id='line_1_46' title="bbox 0 0 1875 5434; baseline 0 0"><span class='ocrx_word' id='word_1_399' title='bbox 0 0 1875 5434; x_wconf 95' lang='lat' dir='ltr'> </span> 
     </span>
    </p>
   </div>
  </div>
 </body>
</html>
