3709 5434
481 254 581 362 434
717 212 1450 320 Acro-mbram

230 450 388 519 ToleI.
411 437 652 514 observamus
680 432 775 510 enim
795 434 884 527 hic,
910 433 1006 535 quod
1034 434 1079 507 ab
1096 431 1171 530 ejus
1187 430 1318 504 leniori
1338 431 1463 507 afflatu
1481 429 1594 505 nubes
1620 431 1729 511 densa

232 535 382 677 sapplem.
413 539 688 638 discerpantur,
715 556 947 609 attenuentur
965 553 1072 632 atque
1100 532 1137 606 in
1156 529 1333 629 ejusmodi
1359 528 1490 605 floccos
1517 558 1731 608 convertan-

229 613 267 679 Se
296 613 371 676 Ν
413 662 496 731 tur,
522 661 610 738 quos
627 635 789 730 Virgilius
815 635 850 707 δι
869 635 1026 705 Lucanas
1043 632 1173 704 uellera
1200 654 1353 706 vocant.
1381 631 1482 706 Plebs
1500 633 1636 707 vellera
1663 633 1730 709 haec

243 700 315 771 ⁸
408 762 517 820 vocat
534 733 737 832 Schaffgen,
761 733 1005 832 indiciumque
1024 732 1150 811 sutura
1166 729 1366 807 serenitatis
1383 754 1422 819 unt
1443 722 1642 832 plurimum
1658 759 1730 809 cre·

411 841 484 916 dit.
512 835 613 913 Alibi
640 835 808 909 dicuntur
825 833 898 909 hac
916 832 1048 907 vellera
1066 833 1437 929 Rarpfem-Sehuppen,
1463 829 1658 933 aiuntque,
1674 836 1731 908 der

411 939 562 1018 Dimmel
577 933 780 1033 islRarpfen
793 936 997 1031 schuppigt,
1023 961 1058 1006 er
1076 936 1165 1005 mird
1177 953 1243 1027 gur
1260 936 1389 1004 Merter
1404 935 1555 1023 merden,
1582 934 1641 1008 sed
1663 932 1729 1009 hac

410 1042 458 1139 eir
483 1041 518 1121 t'v
546 1028 724 1142 nepisp.
752 1035 936 1133 Pergimus
964 1060 1058 1106 nunc
1086 1037 1128 1117 ad
1147 1033 1285 1107 arboris
1303 1031 1425 1117 nollrae
1444 1033 1651 1110 meteoricae
1667 1061 1730 1109 ma·

412 1132 671 1249 gnitudinem,
698 1160 775 1236 quae
801 1132 852 1208 sat
870 1133 1038 1208 notabilis
1064 1131 1294 1223 observatur,
1321 1132 1378 1207 sed
1398 1158 1469 1208 non
1487 1133 1656 1232 semper.
1680 1140 1729 1210 sn·

268 1232 272 1237 ,
411 1245 556 1320 terdum
580 1237 676 1311 enim
695 1262 735 1310 ea
753 1257 852 1308 tanta
863 1232 932 1323 est,
960 1255 998 1307 ut
1016 1233 1173 1334 ingentis
1190 1232 1300 1306 etiam
1317 1233 1520 1333 adquercus
1540 1232 1729 1337 imaginem

192 1338 199 1356 ⁴
414 1339 592 1429 accedat,
617 1336 797 1410 interdum
848 1358 965 1434 uoque
992 1335 1072 1433 pyri
1100 1333 1224 1407 saltem
1252 1333 1308 1406 vel
1328 1331 1434 1431 pruni
1452 1332 1580 1408 faciem
1612 1337 1728 1416 refert.

414 1437 676 1541 Magnitudine
697 1360 910 1535 perspeba,
945 1435 988 1510 ad
1016 1432 1286 1532 generationem
1311 1431 1420 1505 etiam
1449 1432 1571 1528 ejusve
1600 1436 1727 1512 causam

415 1541 625 1630 tendimus,
653 1537 712 1609 ubi
743 1533 962 1633 potissimum
991 1532 1100 1607 suerit
1128 1554 1235 1633 atque
1254 1532 1497 1633 palmarium,
1525 1534 1671 1609 nubium
1694 1563 1728 1612 ae

416 1656 637 1727 ventorum,
665 1659 704 1709 ut
724 1661 766 1707 ex
781 1630 886 1709 antea
904 1633 973 1729 iant
995 1632 1099 1708 dietis
1118 1632 1316 1707 luculenter
1332 1657 1456 1731 patet,
1485 1632 1618 1710 habere
1636 1637 1727 1712 ratin-

420 1766 527 1833 nem,
555 1759 681 1837 utpote
699 1760 779 1809 cum
800 1758 955 1834 quorum
984 1730 1071 1808 flatu
1099 1732 1242 1807 illarum
1264 1757 1381 1807 motus
1398 1731 1528 1806 intime
1545 1733 1593 1808 est
1614 1762 1726 1811 conne-

417 1867 507 1935 xus,
534 1841 618 1915 dum
645 1836 773 1908 horum
803 1856 975 1933 perpetuo
1001 1834 1125 1934 legunt
1145 1832 1313 1933 vestigia,
1340 1832 1552 1932 cursumque
1570 1862 1646 1912 eam
1662 1864 1728 1912 vera

421 1942 477 2017 sus
504 1937 640 2038 semper
658 1935 820 2035 dirigunt
841 1934 1011 2034 plagam,
1039 1958 1145 2035 quam
1166 1934 1345 2015 testorum
1372 1931 1510 2009 flabella
1537 1958 1642 2038 atque
1667 1961 1727 2012 tur·

422 2042 540 2132 rium,
566 2034 1116 2123 dieHaur-nndThurm·Jabnen‚
1141 2033 1220 2133 ipsis
1236 2030 1502 2108 demonstrant.
1528 2037 1728 2113 Interimta·
1807 2096 1813 2133 ,

422 2167 507 2218 men
526 2133 920 2214 attentum&sedulum
940 2158 1134 2209 ventorum
1153 2133 1351 2207 acnubium
1370 2131 1631 2210 observatorem
1648 2165 1727 2237 quo-
1809 2222 1813 2239 Ι

423 2240 562 2324 tidiana
587 2234 729 2314 docebit
748 2234 990 2334 experientia,
1017 2233 1126 2309 nubes
1143 2258 1162 2308 a
1181 2233 1275 2308 diila
1291 2233 1512 2310 flabellorum
1528 2237 1727 2337 quandoque

425 2338 613 2419 deflediere
630 2336 711 2427 uia,
737 2335 878 2408 &nunc
896 2333 965 2409 alia
1009 2334 1134 2410 uadam
1153 2333 1372 2426 collaterali,
1400 2359 1491 2408 nunc
1504 2334 1724 2432 prorsuscon·
1806 2326 1811 2407 i

425 2441 538 2518 traria
565 2438 749 2525 incedere,
776 2433 834 2508 vel
851 2434 955 2533 plane
980 2359 1115 2535 duplici
1141 2432 1236 2508 inter
1251 2434 1286 2509 se
1313 2436 1468 2534 gaudere
1483 2455 1596 2526 motu,
1617 2436 1740 2534 quan-⁷

426 2542 475 2617 do
501 2562 621 2615 earum
648 2536 806 2638 quadam
834 2534 872 2607 in
891 2534 1007 2651 hanc,
1032 2532 1192 2637 quaedam
1211 2535 1249 2610 in
1267 2533 1373 2610 aliam
1392 2534 1448 2611 vel
1457 2533 1647 2636 oppositam
1656 2560 1728 2609 mo·

423 2641 506 2716 veti
531 2638 701 2719 videntur
720 2637 882 2808 plagam,
908 2660 972 2735 qut
992 2659 1111 2711 motus
1138 2635 1284 2710 nubium
1304 2635 1450 2710 ultimae
1476 2635 1612 2711 causam
1628 2635 1727 2711 sensa·

425 2738 538 2818 tionis
565 2736 701 2817 arboris
728 2761 777 2810 no
808 2760 854 2810 tae
870 2733 1055 2848 specialem
1073 2733 1231 2827 indicat,
1256 2761 1332 2911 qua
1349 2734 1387 2810 itt
1401 2734 1548 2811 nubium
1567 2740 1602 2809 δ(
1617 2758 1727 2811 venen-

425 2867 507 2919 ruttt
535 2838 643 2939 supra
657 2836 839 2937 paululum
867 2859 940 2932 jam
960 2835 1150 2937 indigitata
1161 2835 1262 2911 diver
1291 2858 1364 2911 tate
1380 2835 1645 2938 querendaest,
1660 2859 1725 2912 cnm

425 2964 622 3017 ventorum
641 2939 676 3011 ἃ
694 2935 843 3011 nubium
871 2933 976 3009 detur
994 2934 1122 3035 duplex
1142 2961 1275 3037 genus,
1298 2935 1520 3038 superiorum
1542 2963 1665 3039 nempe
1683 2958 1724 3010 at·

425 3034 1648 3239 alrllllllmsblttzill:l‘bllsbllzllslll
1656 3062 1725 3211 lii

425 3241 465 3316 dt
481 3240 606 3317 adbuc·
624 3237 882 3340 propemodum
910 3234 1037 3336 ignota
1050 3234 1118 3329 ess,
1145 3257 1184 3311 ut
1201 3262 1245 3312 ex
1263 3237 1400 3314 erudita
1418 3238 1643 3332 DmWobffii,
1656 3188 1728 3328 Pers
1814 3270 1815 3331 2

426 3342 572 3438 meles.
584 3340 721 3434 Haleis.
737 3335 983 3427 celeberrimi,
1010 3335 1295 3430 Diffeetatione,
1321 3340 1490 3414 dellieme
1502 3341 1653 3438 proxime
1664 3362 1731 3438 pre·
1814 3340 1815 3411 ]

427 3443 597 3546 inlapsa,
622 3448 638 3530 (
655 3437 811 3515 hiemem
828 3435 995 3552 intellige
1013 3436 1223 3555 dirissimam
1243 3438 1336 3555 vanni
1363 3464 1452 3533 ¹709
1475 3440 1613 3542 elapl'r)
1641 3446 1667 3532 §.
1689 3464 1737 3552 ιι.ο

313 3539 868 3736 ·=vl:,l;„⁷,l²lt}a‘ll?.l⁰
881 3560 1742 3736 {lallssizrll'lrlzt‘illnl'lls:5:2³.

427 3765 501 3815 cutte
526 3764 664 3834 euntque
684 3741 816 3834 semper
841 3737 1027 3834 regularem
1041 3738 1202 3836 allegent.
1232 3743 1318 3820 Haec
1335 3740 1416 3817 ille.
1445 3742 1627 3845 Pergimus
1640 3738 1744 3815 iude·

427 3837 623 3939 scriptione
651 3834 777 3915 nostra
803 3836 943 3916 arboris
961 3839 1101 3930 nubere,
1128 3838 1372 3944 dicimusque,
1400 3843 1496 3943 quod
1514 3868 1581 3918 nec
1599 3840 1744 3945 quilibet

427 3964 589 4031 ventus,
614 3961 678 4013 nec
705 3937 869 4037 qualibet
895 3938 1005 4013 nubes
1031 3942 1074 4018 ad
1100 3938 1175 4037 ejus
1202 3944 1473 4044 generationem
1505 3968 1617 4045 atque
1645 3938 1746 4018 effot-

426 4042 629 4117 mationem
655 4035 838 4138 aptaefint.
865 4037 991 4113 Nubes
1017 4040 1113 4116 enim
1141 4066 1369 4142 aevapoees,
1393 4043 1745 4142 exquibaattostrum

426 4139 592 4215 coalescit
620 4161 829 4231 meteoron,
856 4137 1013 4237 primum
1041 4164 1083 4215 ert
1110 4138 1280 4215 sterilium
1300 4142 1336 4215 ἃ
1354 4142 1535 4217 nonnihil-
1551 4143 1750 4228 tenacium,

427 4242 556 4318 deinde
582 4239 683 4315 venti
711 4262 755 4312 ex
781 4237 1005 4338 superiorum
1032 4242 1068 4314 δι
1085 4239 1265 4316 seniorum
1290 4241 1374 4317 sunt
1401 4268 1564 4344 genere.
1595 4241 1749 4338 Quaado

426 4340 551 4441 itaque
578 4339 618 4414 itt
644 4340 806 4439 suprema
834 4342 926 4414 aeris
950 4339 1098 4442 regione
1120 4363 1248 4419 ventus
1269 4340 1431 4442 superine
1458 4342 1595 4418 leniter
1624 4343 1751 4440 spirare

426 4438 581 4539 incipit,
607 4467 641 4515 v.
651 4467 685 4542 g.
712 4465 756 4513 ex
774 4438 878 4611 plapa
894 4439 1084 4536 orientali,
1112 4438 1302 4543 (spirante
1330 4441 1444 4519 adhuc
1466 4467 1587 4517 vento
1608 4440 1753 4518 inferint
1814 4450 1815 4455 ’

427 4539 462 4614 ri
488 4564 531 4612 ex
549 4542 651 4654 plaga
680 4564 754 4639 vg.
782 4565 827 4615 au
858 4540 947 4633 rali)
974 4544 1009 4616 dc
1028 4540 1204 4639 eiusmodi
1222 4542 1371 4616 nubium
1393 4544 1430 4616 de
1453 4556 1758 4646 vaporumgenua

282 4656 290 4661 “
426 4637 605 4736 offendat,
629 4638 753 4755 sensim
769 4638 965 4746 sensimque
982 4641 1092 4721 nimis
1108 4642 1265 4749 leviores
1277 4640 1444 4748 diffipat,
1470 4644 1685 4724 tenaciorea
1699 4662 1755 4734 reg

1600 4770 1720 4838 ,πᾳ

1813 4872 1815 4949 l
