3709 5434
455 237 514 332 24
833 186 1221 291 ACTA

194 410 357 477 nummu.
378 412 540 491 Ecclesia
558 403 836 510 persecutoribus
853 402 994 501 copiose
1012 401 1115 500 ogit,
1142 422 1207 473 nee
1234 396 1416 511 historiam
1440 396 1551 474 solum
1579 396 1692 498 perse-

193 494 359 635 ssfflffgss·
380 512 588 601 cutionum,
616 500 869 618 verumetiam
888 500 1033 612 civilem
1052 497 1418 612 illustrandositffima
1436 525 1561 612 opera.
1589 501 1690 571 Tan·

206 650 211 661 ·
377 616 457 695 dem
467 619 551 705 Cap.
561 612 629 683 XV.
649 596 1692 695 hrstotramConstantrnrChiott&ConstantrntM.1mpp.

376 712 453 814 pari
471 705 655 808 diligentia
674 700 915 803 persequitur.

392 911 1702 986 mmmmmmfflmffltm

383 1088 1647 1232 -ouronrncrtoruns

519 1340 674 1423 Contra
704 1364 847 1418 novam
878 1329 1145 1444 definitionem
1177 1330 1310 1409 Moror
1344 1325 1387 1411 in
1421 1329 1563 1412 Diarr'o

594 1474 599 1481 '
678 1452 930 1541 Erudirorum
950 1444 1135 1559 Parifirto
1162 1442 1402 1531 exhibitam.
1626 1444 1631 1453 '

215 1699 259 1760 Μ.
283 1695 366 1759 Nor.
471 1686 511 1761 Ir
535 1685 680 1786 quidam
707 1684 832 1762 donus
857 1676 1022 1754 Maffiliae
1050 1676 1178 1777 degens
1204 1675 1240 1749 in
1262 1675 1394 1759 Diari'o
1414 1677 1557 1753 Gallico
1585 1680 1703 1757 mense

207 1777 277 1859 1³²8·
298 1794 367 1854 494
500 1783 606 1879 Majo
625 1785 707 1859 anni
728 1781 905 1882 praesentis
928 1802 1060 1850 novam
1082 1776 1264 1875 proposuit
1284 1775 1532 1852 definitionem
1553 1806 1702 1873 motus,

388 1909 468 1960 curn
488 1886 531 1959 ab
549 1884 627 1958 aliis
645 1883 815 1958 haerenus
832 1882 920 1955 datae
937 1875 999 1975 ipsr
1018 1902 1092 1950 non
1118 1876 1316 1965 sufficiant,
1341 1900 1446 1975 atque
1476 1879 1705 1978 philosophos

388 1984 434 2060 ad
453 1983 526 2085 ejus
544 2008 690 2057 examen
711 1982 912 2067 invitavit,
940 1974 1179 2077 responsiones
1198 1976 1242 2049 ad
1259 1975 1477 2071 objeciionrs
1500 1978 1703 2078 spondens.

388 2088 514 2177 Quare
543 2082 636 2155 Viro
662 2082 719 2155 Cl.
738 2108 811 2154 non
838 2076 1098 2176 displiciturum
1119 2073 1291 2165 confido,
1320 2075 1450 2175 srqurs
1473 2103 1600 2154 contro
1627 2105 1706 2155 eam

390 2184 620 2257 difficultates
638 2180 873 2281 proposuero.
902 2174 1084 2250 Definitio
1105 2175 1176 2248 hec
1198 2173 1243 2248 est
1262 2207 1270 2249 ε
1299 2179 1413 2248 Morus
1431 2176 1477 2264 eli
1493 2177 1577 2250 assio
1594 2204 1706 2276 corpo·

390 2285 439 2356 rr'r
462 2303 523 2353 aur
549 2280 707 2377 impressio
723 2281 757 2351 in
775 2301 905 2375 corpore
919 2298 1071 2372 retepra,
1097 2302 1166 2371 qua
1181 2277 1239 2345 vel
1262 2276 1362 2346 alteri
1387 2280 1514 2373 corpori
1538 2281 1622 2351 roasi
1648 2301 1710 2351 our

384 2380 554 2479 suppofiro
567 2384 816 2477 propinquare,
843 2379 901 2451 vel
915 2380 958 2449 ab
974 2378 1084 2448 codem
1102 2376 1251 2470 elongari
1262 2378 1382 2470 potest.
1412 2380 1478 2450 Per
1494 2404 1604 2477 genus
1632 2404 1708 2451 nro·

391 2504 470 2554 runt
488 2508 507 2554 a
525 2482 645 2581 quiete
667 2478 835 2578 distingui
853 2475 1077 2551 arbitratur.-
1104 2472 1344 2547 differenriam
1372 2473 1571 2575 specificam
1598 2478 1707 2554 talem

391 2579 476 2655 dere
493 2578 671 2670 intendit,
700 2602 738 2652 ut
757 2574 923 2652 definitio
941 2575 1066 2649 habeat
1087 2574 1228 2665 locum,
1255 2573 1390 2647 etiamst
1410 2576 1553 2651 unicum
1579 2603 1707 2675 eorpus

391 2677 432 2753 in
450 2677 567 2777 spatio
587 2676 725 2777 prorsus
743 2704 857 2754 vocuo
880 2700 1020 2751 motum
1040 2672 1187 2747 existere
1205 2675 1345 2748 demus.
1372 2677 1526 2751 Generis
1543 2677 1623 2751 loco
1643 2704 1705 2776 po·

387 2776 448 2853 nit
466 2779 623 2850 aeriorem
641 2782 784 2870 corporis
799 2799 859 2848 aur
874 2776 1102 2870 impreffionem
1121 2775 1157 2845 irr
1172 2795 1304 2870 corpore
1313 2796 1493 2871 receptam.
1521 2779 1588 2850 Sed
1604 2802 1616 2845 r
1632 2777 1708 2847 nui·

388 2873 426 2946 la
443 2873 646 2971 concipitur
663 2873 759 2945 assio
776 2874 939 2970 corporis
956 2873 1026 2941 stne
1046 2893 1146 2941 motu
1165 2894 1226 2941 aut
1251 2873 1319 2941 srne
1345 2899 1409 2960 eo,
1435 2877 1530 2968 quod
1549 2872 1596 2942 est
1616 2871 1709 2942 reale

387 2970 429 3045 in
448 2994 571 3060 motu,
597 2992 728 3044 conatu
748 2995 875 3067 nempe
891 2966 951 3043 seu
968 2966 1126 3065 nisuquo
1135 2965 1282 3037 materia
1295 2965 1498 3041 instruitur.
1527 2966 1711 3042 Detenirn

390 3067 529 3142 VirCi.
539 3067 948 3167 nsiioniscujuscumque
957 3090 1135 3164 corporcae
1145 3060 1391 3139 definitionem
1403 3118 1414 3156 ,
1441 3063 1711 3142 saciiennimad·

390 3191 533 3259 vertet,
560 3192 663 3244 notas
680 3169 722 3243 ad
743 3169 922 3244 anienem
943 3191 1048 3238 unam
1067 3164 1109 3239 ab
1128 3165 1239 3239 altera
1254 3163 1411 3261 ejusdem
1429 3164 1709 3266 praeserrimcor·

390 3269 490 3367 poris
507 3267 789 3369 distinguendam
809 3294 882 3343 non
909 3265 1049 3341 aliunde
1078 3290 1183 3367 quam
1201 3291 1221 3340 a
1241 3288 1343 3339 motu
1371 3266 1406 3338 δι
1432 3265 1506 3363 ejus
1534 3265 1709 3367 requisrtis
1844 3354 1849 3367 Ι

391 3367 525 3442 desumi
546 3369 659 3466 posse.
691 3394 709 3441 2
728 3368 854 3444 Multo
872 3368 983 3466 magis
1001 3367 1105 3442 notio
1123 3366 1360 3466 impreslionis
1378 3367 1707 3451 motuminuolvit.

389 3469 521 3566 Neque
540 3468 636 3541 enim
656 3464 735 3541 fieri
753 3468 954 3566 concipitur
971 3467 1034 3540 nisr
1052 3493 1114 3566 per
1134 3467 1329 3566 impasium
1348 3466 1510 3566 corporis
1526 3472 1562 3540 A
1582 3469 1708 3542 incor-

390 3591 454 3665 pus
470 3571 519 3643 B.
548 3566 613 3641 Ast
632 3573 667 3641 A
684 3566 722 3641 in
742 3572 771 3642 B
789 3568 987 3668 impingere
1007 3594 1080 3641 non
1100 3568 1333 3668 concipitur,
1360 3567 1422 3642 nisi
1440 3591 1614 3669 quatenus
1631 3594 1708 3644 mo-

388 3687 514 3739 vetur.
543 3694 561 3760 3
583 3667 694 3739 Nulla
712 3666 893 3766 impressio
910 3666 1054 3765 concipi
1075 3666 1187 3763 potest
1205 3667 1276 3741 fine
1300 3668 1444 3767 ¹aliquo,
1471 3670 1566 3768 quod
1585 3667 1707 3768 impri-

387 3761 522 3837 mitur.
550 3765 649 3857 Quid
666 3764 779 3865 igitur
798 3770 857 3857 A,
884 3768 970 3842 dum
994 3764 1166 3866 impingit
1193 3767 1231 3842 in
1250 3771 1310 3858 B,
1337 3767 1400 3866 ipsi
1427 3768 1631 3867 imprimere
1660 3767 1712 3842 di

389 3868 526 3936 cetur?
555 3866 688 3937 Nonne
717 3888 855 3940 motum
881 3873 891 3937 i
929 3871 1032 3941 Patet
1057 3893 1144 3964 ergo
1170 3866 1317 3957 denuo,
1352 3893 1462 3967 genus
1486 3867 1710 3959 definitionis

388 3959 578 4037 definitum
597 3963 803 4039 involvere.
831 3966 962 4066 Neque
980 3995 1004 4055 4
1021 3968 1310 4063 tamimpresiio,
1334 3967 1510 4067 quomid,
1537 3968 1709 4070 quodinr·

384 4058 579 4161 primitur,
606 4063 797 4163 recipitur,
824 4066 860 4137 δι
880 4092 898 4162 5
919 4091 1038 4140 motus
1056 4092 1129 4141 non
1145 4067 1208 4141 nisi
1223 4067 1423 4167 improprie
1440 4068 1603 4167 imprimi
1623 4070 1711 4144 dici·

385 4181 469 4249 tur,
496 4159 641 4235 notioni
658 4161 809 4238 confuse
827 4165 871 4237 ab
889 4164 1148 4267 imaginatione
1174 4167 1404 4268 suppeditetae
1422 4169 1710 4244 convenienter.

386 4258 494 4332 Unde
513 4259 647 4351 nolim,
675 4260 923 4339 definitionem
944 4291 1064 4340 motus
1083 4264 1711 4370 philosophicamingredivoccsim·

311 4388 330 4403 ν
386 4357 570 4471 proprias.
598 4362 751 4436 Accedit
771 4368 905 4465 6quod
925 4366 1084 4464 receptio
1102 4365 1361 4467 impressionis,
1387 4393 1495 4469 quarn
1505 4368 1711 4461 Virdosins

387 4480 529 4566 genens
548 4460 632 4532 loco
652 4461 777 4560 ponit,
805 4467 1085 4540 controversam
1104 4467 1145 4540 de
1167 4468 1497 4544 communicatione
1517 4472 1710 4559 motusim·

386 4553 517 4655 phcct,
542 4583 650 4659 quent
669 4587 714 4641 cx
731 4559 942 4645 definitione
961 4592 1083 4647 motus
1099 4568 1356 4648 excludendam
1372 4565 1444 4645 esse
1460 4595 1533 4648 non
1544 4569 1715 4662 diffiteri,

1587 4693 1666 4747 rur.
