<?xml version="1.0" encoding="UTF-8"?>
<!DOCTYPE html PUBLIC "-//W3C//DTD XHTML 1.0 Transitional//EN"
    "http://www.w3.org/TR/xhtml1/DTD/xhtml1-transitional.dtd">
<html xmlns="http://www.w3.org/1999/xhtml" xml:lang="en" lang="en">
 <head>
  <title>
</title>
<meta http-equiv="Content-Type" content="text/html;charset=utf-8" />
  <meta name='ocr-system' content='tesseract 3.04.00' />
  <meta name='ocr-capabilities' content='ocr_page ocr_carea ocr_par ocr_line ocrx_word'/>
</head>
<body>
  <div class='ocr_page' id='page_1' title='image "./opusculaomniaac00erudgoog/opusculaomniaac00erudgoog_0428.png"; bbox 0 0 3709 5434; ppageno 0'>
   <div class='ocr_carea' id='block_1_1' title="bbox 1089 213 2618 362">
    <p class='ocr_par' dir='ltr' id='par_1_1' title="bbox 1089 213 2618 362">
     <span class='ocr_line' id='line_1_1' title="bbox 1089 213 2618 362; baseline -0.007 -25"><span class='ocrx_word' id='word_1_1' title='bbox 1089 213 1285 362; x_wconf 69' lang='lat'>418</span> <span class='ocrx_word' id='word_1_2' title='bbox 1840 221 2618 331; x_wconf 72' lang='lat' dir='ltr'>ACTA</span> 
     </span>
    </p>
   </div>
   <div class='ocr_carea' id='block_1_2' title="bbox 574 431 3634 3237">
    <p class='ocr_par' dir='ltr' id='par_1_2' title="bbox 574 431 3634 3237">
     <span class='ocr_line' id='line_1_2' title="bbox 574 431 3537 550; baseline -0.005 -28"><span class='ocrx_word' id='word_1_3' title='bbox 574 447 696 514; x_wconf 64' lang='lat' dir='ltr'>A&amp;</span> <span class='ocrx_word' id='word_1_4' title='bbox 722 445 908 511; x_wconf 73' lang='lat' dir='ltr'>Erud·</span> <span class='ocrx_word' id='word_1_5' title='bbox 940 469 1144 523; x_wconf 87' lang='lat' dir='ltr'>tuere</span> <span class='ocrx_word' id='word_1_6' title='bbox 1198 469 1627 550; x_wconf 89' lang='lat' dir='ltr'>potuerunt,</span> <span class='ocrx_word' id='word_1_7' title='bbox 1651 472 1824 549; x_wconf 15' lang='lat' dir='ltr'>*quo</span> <span class='ocrx_word' id='word_1_8' title='bbox 1855 468 2116 549; x_wconf 78' lang='lat' dir='ltr'>genere</span> <span class='ocrx_word' id='word_1_9' title='bbox 2155 443 2388 518; x_wconf 82' lang='lat' dir='ltr'>morbi</span> <span class='ocrx_word' id='word_1_10' title='bbox 2442 438 2897 540; x_wconf 79' lang='lat' dir='ltr'>consumptus</span> <span class='ocrx_word' id='word_1_11' title='bbox 2927 431 3016 550; x_wconf 63' lang='lat' dir='ltr'>snt</span> <span class='ocrx_word' id='word_1_12' title='bbox 3050 487 3074 526; x_wconf 88' lang='lat'>‚</span> <span class='ocrx_word' id='word_1_13' title='bbox 3120 433 3395 535; x_wconf 86' lang='lat' dir='ltr'>quique</span> <span class='ocrx_word' id='word_1_14' title='bbox 3450 431 3537 528; x_wconf 71' lang='lat' dir='ltr'>hy</span> 
     </span>
     <span class='ocr_line' id='line_1_3' title="bbox 575 536 3542 738; baseline 0.008 -150"><span class='ocrx_word' id='word_1_15' title='bbox 575 536 888 691; x_wconf 41' lang='lat' dir='ltr'>§impurg-</span> <span class='ocrx_word' id='word_1_16' title='bbox 936 549 1232 724; x_wconf 57' lang='lat' dir='ltr'>dro‘pem</span> <span class='ocrx_word' id='word_1_17' title='bbox 1264 544 1660 665; x_wconf 50' lang='lat' dir='ltr'>accusant,</span> <span class='ocrx_word' id='word_1_18' title='bbox 1716 548 1816 661; x_wconf 77' lang='lat' dir='ltr'>ita</span> <span class='ocrx_word' id='word_1_19' title='bbox 1869 571 2018 621; x_wconf 90' lang='lat' dir='ltr'>rem</span> <span class='ocrx_word' id='word_1_20' title='bbox 2062 545 2492 717; x_wconf 53' lang='grc' dir='ltr'>ἱηζῗὲνιέιέε,</span> <span class='ocrx_word' id='word_1_21' title='bbox 2539 541 3542 738; x_wconf 50' lang='grc' dir='ltr'>υἱὲῗέἱίαὲἒεαξεέιξὲἓέιὲ</span> 
     </span>
     <span class='ocr_line' id='line_1_4' title="bbox 936 670 3558 730; baseline -0.005 -6"><span class='ocrx_word' id='word_1_22' title='bbox 936 673 1060 724; x_wconf 85' lang='lat' dir='ltr'>mo</span> <span class='ocrx_word' id='word_1_23' title='bbox 1110 675 1158 723; x_wconf 96' lang='lat' dir='ltr'>o</span> <span class='ocrx_word' id='word_1_24' title='bbox 1262 677 1280 721; x_wconf 83' lang='grc' dir='ltr'><strong>ι</strong></span> <span class='ocrx_word' id='word_1_25' title='bbox 1342 674 1412 721; x_wconf 83' lang='lat' dir='ltr'>m</span> <span class='ocrx_word' id='word_1_26' title='bbox 1501 671 1770 722; x_wconf 71' lang='lat' dir='ltr'>otuerxt</span> <span class='ocrx_word' id='word_1_27' title='bbox 1878 672 2007 720; x_wconf 82' lang='lat' dir='ltr'>nec</span> <span class='ocrx_word' id='word_1_28' title='bbox 2104 670 2143 715; x_wconf 90' lang='lat' dir='ltr'>u</span> <span class='ocrx_word' id='word_1_29' title='bbox 2276 670 2322 717; x_wconf 93' lang='lat' dir='ltr'>o</span> <span class='ocrx_word' id='word_1_30' title='bbox 2813 695 2835 730; x_wconf 91' lang='lat'>‚</span> <span class='ocrx_word' id='word_1_31' title='bbox 3534 677 3558 694; x_wconf 87' lang='lat'><strong>·</strong></span> 
     </span>
     <span class='ocr_line' id='line_1_5' title="bbox 930 668 3555 843; baseline -0.006 -18"><span class='ocrx_word' id='word_1_32' title='bbox 930 750 1128 825; x_wconf 79' lang='lat' dir='ltr'>nari.</span> <span class='ocrx_word' id='word_1_33' title='bbox 1185 676 1407 842; x_wconf 62' lang='grc' dir='ltr'>(ἓζυὸοά</span> <span class='ocrx_word' id='word_1_34' title='bbox 1444 672 1717 822; x_wconf 53' lang='lat' dir='ltr'>gei-tum</span> <span class='ocrx_word' id='word_1_35' title='bbox 1756 701 1893 837; x_wconf 64' lang='lat' dir='ltr'>eil,</span> <span class='ocrx_word' id='word_1_36' title='bbox 1944 668 2122 821; x_wconf 58' lang='lat' dir='ltr'>dags</span> <span class='ocrx_word' id='word_1_37' title='bbox 2153 742 2416 836; x_wconf 89' lang='lat' dir='ltr'>ferme,</span> <span class='ocrx_word' id='word_1_38' title='bbox 2459 668 2849 843; x_wconf 45' lang='lat' dir='ltr'>mequam</span> <span class='ocrx_word' id='word_1_39' title='bbox 2886 762 3338 825; x_wconf 85' lang='lat' dir='ltr'>moreretur,</span> <span class='ocrx_word' id='word_1_40' title='bbox 3369 759 3555 809; x_wconf 83' lang='lat' dir='ltr'>men·</span> 
     </span>
     <span class='ocr_line' id='line_1_6' title="bbox 935 835 3552 962; baseline -0.007 -40"><span class='ocrx_word' id='word_1_41' title='bbox 935 848 1038 922; x_wconf 87' lang='lat' dir='ltr'>ses</span> <span class='ocrx_word' id='word_1_42' title='bbox 1077 871 1414 962; x_wconf 89' lang='lat' dir='ltr'>perpetua</span> <span class='ocrx_word' id='word_1_43' title='bbox 1473 847 1578 921; x_wconf 85' lang='lat' dir='ltr'>fiti</span> <span class='ocrx_word' id='word_1_44' title='bbox 1620 848 1979 922; x_wconf 84' lang='lat' dir='ltr'>laboravit</span> <span class='ocrx_word' id='word_1_45' title='bbox 2015 896 2039 937; x_wconf 87' lang='lat'>,</span> <span class='ocrx_word' id='word_1_46' title='bbox 2090 844 2481 944; x_wconf 91' lang='lat' dir='ltr'>eodemque</span> <span class='ocrx_word' id='word_1_47' title='bbox 2519 867 2839 943; x_wconf 87' lang='lat' dir='ltr'>tempore</span> <span class='ocrx_word' id='word_1_48' title='bbox 2892 835 3249 946; x_wconf 58' lang='lat' dir='ltr'>Jvegplq,</span> <span class='ocrx_word' id='word_1_49' title='bbox 3306 839 3552 952; x_wconf 68' lang='lat' dir='ltr'>morbp</span> 
     </span>
     <span class='ocr_line' id='line_1_7' title="bbox 934 935 3550 1049; baseline -0.004 -29"><span class='ocrx_word' id='word_1_50' title='bbox 934 949 1067 1020; x_wconf 91' lang='lat' dir='ltr'>illo</span> <span class='ocrx_word' id='word_1_51' title='bbox 1102 949 1394 1049; x_wconf 65' lang='lat' dir='ltr'>quidem</span> <span class='ocrx_word' id='word_1_52' title='bbox 1452 972 1596 1021; x_wconf 85' lang='lat' dir='ltr'>non</span> <span class='ocrx_word' id='word_1_53' title='bbox 1636 972 1829 1022; x_wconf 87' lang='lat' dir='ltr'>novo</span> <span class='ocrx_word' id='word_1_54' title='bbox 1875 1002 1899 1038; x_wconf 86' lang='lat'>,</span> <span class='ocrx_word' id='word_1_55' title='bbox 1951 943 2066 1019; x_wconf 89' lang='lat' dir='ltr'>sed</span> <span class='ocrx_word' id='word_1_56' title='bbox 2110 965 2288 1043; x_wconf 81' lang='lat' dir='ltr'>pene</span> <span class='ocrx_word' id='word_1_57' title='bbox 2342 943 2485 1041; x_wconf 86' lang='lat' dir='ltr'>jam</span> <span class='ocrx_word' id='word_1_58' title='bbox 2538 941 2929 1019; x_wconf 84' lang='lat' dir='ltr'>familiari.</span> <span class='ocrx_word' id='word_1_59' title='bbox 2997 941 3169 1015; x_wconf 85' lang='lat' dir='ltr'>Sitis</span> <span class='ocrx_word' id='word_1_60' title='bbox 3219 940 3297 1013; x_wconf 89' lang='lat' dir='ltr'>in</span> <span class='ocrx_word' id='word_1_61' title='bbox 3349 935 3550 1010; x_wconf 80' lang='lat' dir='ltr'>sebn-</span> 
     </span>
     <span class='ocr_line' id='line_1_8' title="bbox 796 1039 3575 1146; baseline -0.003 -21"><span class='ocrx_word' id='word_1_62' title='bbox 796 1118 805 1125; x_wconf 89' lang='lat'><strong>.</strong></span> <span class='ocrx_word' id='word_1_63' title='bbox 932 1049 1169 1124; x_wconf 87' lang='lat' dir='ltr'>eulam</span> <span class='ocrx_word' id='word_1_64' title='bbox 1224 1044 1421 1120; x_wconf 83' lang='lat' dir='ltr'>defiit</span> <span class='ocrx_word' id='word_1_65' title='bbox 1452 1097 1476 1138; x_wconf 86' lang='lat'><strong>,</strong></span> <span class='ocrx_word' id='word_1_66' title='bbox 1531 1071 1681 1146; x_wconf 78' lang='lat' dir='ltr'>qnae</span> <span class='ocrx_word' id='word_1_67' title='bbox 1738 1050 1806 1120; x_wconf 76' lang='grc' dir='ltr'>δι</span> <span class='ocrx_word' id='word_1_68' title='bbox 1841 1047 1928 1120; x_wconf 84' lang='lat' dir='ltr'>ab</span> <span class='ocrx_word' id='word_1_69' title='bbox 1959 1043 2116 1139; x_wconf 88' lang='lat' dir='ltr'>ipso</span> <span class='ocrx_word' id='word_1_70' title='bbox 2170 1067 2584 1141; x_wconf 83' lang='lat' dir='ltr'>contempta</span> <span class='ocrx_word' id='word_1_71' title='bbox 2622 1041 2757 1132; x_wconf 89' lang='lat' dir='ltr'>est,</span> <span class='ocrx_word' id='word_1_72' title='bbox 2816 1069 2942 1117; x_wconf 87' lang='lat' dir='ltr'>nec</span> <span class='ocrx_word' id='word_1_73' title='bbox 2979 1070 3018 1117; x_wconf 84' lang='lat' dir='ltr'>a</span> <span class='ocrx_word' id='word_1_74' title='bbox 3058 1039 3370 1115; x_wconf 83' lang='lat' dir='ltr'>Medicis</span> <span class='ocrx_word' id='word_1_75' title='bbox 3412 1047 3575 1116; x_wconf 83' lang='lat' dir='ltr'>val··</span> 
     </span>
     <span class='ocr_line' id='line_1_9' title="bbox 932 1138 3540 1250; baseline -0.003 -30"><span class='ocrx_word' id='word_1_76' title='bbox 932 1148 1020 1220; x_wconf 74' lang='lat' dir='ltr'>de</span> <span class='ocrx_word' id='word_1_77' title='bbox 1073 1169 1479 1246; x_wconf 75' lang='lat' dir='ltr'>oppugnata</span> <span class='ocrx_word' id='word_1_78' title='bbox 1516 1197 1539 1236; x_wconf 90' lang='lat'>,</span> <span class='ocrx_word' id='word_1_79' title='bbox 1591 1149 1783 1245; x_wconf 84' lang='lat' dir='ltr'>quod</span> <span class='ocrx_word' id='word_1_80' title='bbox 1821 1172 1912 1220; x_wconf 84' lang='lat' dir='ltr'>ex</span> <span class='ocrx_word' id='word_1_81' title='bbox 1952 1139 2281 1250; x_wconf 57' lang='grc' dir='ltr'>δυσ-κριά,</span> <span class='ocrx_word' id='word_1_82' title='bbox 2334 1141 2684 1240; x_wconf 86' lang='lat' dir='ltr'>proficisci</span> <span class='ocrx_word' id='word_1_83' title='bbox 2720 1147 3128 1218; x_wconf 82' lang='lat' dir='ltr'>crederetur</span> <span class='ocrx_word' id='word_1_84' title='bbox 3159 1193 3182 1231; x_wconf 90' lang='lat'>‚</span> <span class='ocrx_word' id='word_1_85' title='bbox 3237 1138 3540 1242; x_wconf 78' lang='lat' dir='ltr'>nihilque</span> 
     </span>
     <span class='ocr_line' id='line_1_10' title="bbox 932 1239 3538 1350; baseline 0.001 -33"><span class='ocrx_word' id='word_1_86' title='bbox 932 1240 1344 1342; x_wconf 82' lang='lat' dir='ltr'>hujusmodi</span> <span class='ocrx_word' id='word_1_87' title='bbox 1389 1247 1892 1350; x_wconf 81' lang='lat' dir='ltr'>portenderet,</span> <span class='ocrx_word' id='word_1_88' title='bbox 1943 1249 2151 1348; x_wconf 88' lang='lat' dir='ltr'>quale</span> <span class='ocrx_word' id='word_1_89' title='bbox 2208 1243 2439 1345; x_wconf 85' lang='lat' dir='ltr'>postea</span> <span class='ocrx_word' id='word_1_90' title='bbox 2490 1242 2944 1316; x_wconf 88' lang='lat' dir='ltr'>consecutum</span> <span class='ocrx_word' id='word_1_91' title='bbox 2985 1241 3119 1315; x_wconf 90' lang='lat' dir='ltr'>est.</span> <span class='ocrx_word' id='word_1_92' title='bbox 3171 1239 3366 1333; x_wconf 77' lang='lat' dir='ltr'>Quid</span> <span class='ocrx_word' id='word_1_93' title='bbox 3404 1249 3538 1342; x_wconf 84' lang='lat' dir='ltr'>plu·</span> 
     </span>
     <span class='ocr_line' id='line_1_11' title="bbox 932 1342 3534 1447; baseline 0.001 -30"><span class='ocrx_word' id='word_1_94' title='bbox 932 1370 1014 1418; x_wconf 85' lang='lat' dir='ltr'>ra</span> <span class='ocrx_word' id='word_1_95' title='bbox 1047 1353 1070 1415; x_wconf 66' lang='grc' dir='ltr'><strong><em>θ</em></strong></span> <span class='ocrx_word' id='word_1_96' title='bbox 1123 1344 1240 1417; x_wconf 90' lang='lat' dir='ltr'>Sic</span> <span class='ocrx_word' id='word_1_97' title='bbox 1295 1370 1448 1421; x_wconf 85' lang='lat' dir='ltr'>erat</span> <span class='ocrx_word' id='word_1_98' title='bbox 1487 1345 1562 1418; x_wconf 89' lang='lat' dir='ltr'>in</span> <span class='ocrx_word' id='word_1_99' title='bbox 1595 1343 1763 1419; x_wconf 78' lang='lat' dir='ltr'>fatis</span> <span class='ocrx_word' id='word_1_100' title='bbox 1798 1377 1816 1420; x_wconf 73' lang='grc' dir='ltr'><strong><em>ε</em></strong></span> <span class='ocrx_word' id='word_1_101' title='bbox 1877 1368 2185 1447; x_wconf 78' lang='lat' dir='ltr'>repente.</span> <span class='ocrx_word' id='word_1_102' title='bbox 2223 1346 2299 1420; x_wconf 86' lang='lat' dir='ltr'>in</span> <span class='ocrx_word' id='word_1_103' title='bbox 2336 1344 2676 1417; x_wconf 85' lang='lat' dir='ltr'>extremis</span> <span class='ocrx_word' id='word_1_104' title='bbox 2709 1342 2845 1416; x_wconf 87' lang='lat' dir='ltr'>fuit</span> <span class='ocrx_word' id='word_1_105' title='bbox 2880 1397 2899 1416; x_wconf 89' lang='lat'>.</span> <span class='ocrx_word' id='word_1_106' title='bbox 2967 1348 3224 1440; x_wconf 85' lang='lat' dir='ltr'>ltaque</span> <span class='ocrx_word' id='word_1_107' title='bbox 3270 1366 3428 1416; x_wconf 90' lang='lat' dir='ltr'>cum</span> <span class='ocrx_word' id='word_1_108' title='bbox 3486 1346 3534 1420; x_wconf 85' lang='lat' dir='ltr'>se</span> 
     </span>
     <span class='ocr_line' id='line_1_12' title="bbox 932 1441 3531 1545; baseline 0.002 -28"><span class='ocrx_word' id='word_1_109' title='bbox 932 1445 1022 1518; x_wconf 84' lang='lat' dir='ltr'>ad</span> <span class='ocrx_word' id='word_1_110' title='bbox 1061 1444 1256 1518; x_wconf 89' lang='lat' dir='ltr'>illam</span> <span class='ocrx_word' id='word_1_111' title='bbox 1313 1446 1708 1545; x_wconf 82' lang='lat' dir='ltr'>supremam</span> <span class='ocrx_word' id='word_1_112' title='bbox 1763 1444 2028 1521; x_wconf 68' lang='lat' dir='ltr'>iustam</span> <span class='ocrx_word' id='word_1_113' title='bbox 2071 1447 2275 1520; x_wconf 83' lang='lat' dir='ltr'>rebus</span> <span class='ocrx_word' id='word_1_114' title='bbox 2307 1443 2577 1523; x_wconf 70' lang='lat' dir='ltr'>divinis</span> <span class='ocrx_word' id='word_1_115' title='bbox 2610 1445 3076 1541; x_wconf 75' lang='lat' dir='ltr'>comparasset</span> <span class='ocrx_word' id='word_1_116' title='bbox 3102 1494 3127 1531; x_wconf 89' lang='lat'>,</span> <span class='ocrx_word' id='word_1_117' title='bbox 3178 1441 3531 1520; x_wconf 75' lang='lat' dir='ltr'>incredibi-</span> 
     </span>
     <span class='ocr_line' id='line_1_13' title="bbox 929 1541 3525 1636; baseline 0.003 -21"><span class='ocrx_word' id='word_1_118' title='bbox 929 1542 986 1615; x_wconf 93' lang='lat' dir='ltr'>li</span> <span class='ocrx_word' id='word_1_119' title='bbox 1039 1541 1310 1620; x_wconf 83' lang='lat' dir='ltr'>virtute</span> <span class='ocrx_word' id='word_1_120' title='bbox 1347 1599 1371 1636; x_wconf 85' lang='lat'><strong>,</strong></span> <span class='ocrx_word' id='word_1_121' title='bbox 1439 1547 1512 1617; x_wconf 77' lang='grc' dir='ltr'>δε</span> <span class='ocrx_word' id='word_1_122' title='bbox 1566 1542 1966 1621; x_wconf 83' lang='lat' dir='ltr'>constantia</span> <span class='ocrx_word' id='word_1_123' title='bbox 2016 1545 2303 1622; x_wconf 86' lang='lat' dir='ltr'>deceffir</span> <span class='ocrx_word' id='word_1_124' title='bbox 2360 1547 2452 1616; x_wconf 90' lang='lat' dir='ltr'>V.</span> <span class='ocrx_word' id='word_1_125' title='bbox 2489 1544 2778 1617; x_wconf 81' lang='lat' dir='ltr'>Kalend.</span> <span class='ocrx_word' id='word_1_126' title='bbox 2822 1546 3054 1617; x_wconf 72' lang='lat' dir='ltr'>Mart.</span> <span class='ocrx_word' id='word_1_127' title='bbox 3105 1567 3525 1622; x_wconf 73' lang='lat' dir='ltr'>moccxvu.</span> 
     </span>
     <span class='ocr_line' id='line_1_14' title="bbox 824 1634 3528 1747; baseline 0 -29"><span class='ocrx_word' id='word_1_128' title='bbox 824 1634 830 1642; x_wconf 55' lang='grc'><strong><em>’</em></strong></span> <span class='ocrx_word' id='word_1_129' title='bbox 930 1641 1286 1740; x_wconf 83' lang='lat' dir='ltr'>Rhodigii</span> <span class='ocrx_word' id='word_1_130' title='bbox 1340 1643 1648 1743; x_wconf 85' lang='lat' dir='ltr'>sepultus</span> <span class='ocrx_word' id='word_1_131' title='bbox 1682 1643 1775 1717; x_wconf 87' lang='lat' dir='ltr'>est</span> <span class='ocrx_word' id='word_1_132' title='bbox 1812 1638 2092 1747; x_wconf 71' lang='lat' dir='ltr'>ingenti</span> <span class='ocrx_word' id='word_1_133' title='bbox 2144 1642 2369 1718; x_wconf 85' lang='lat' dir='ltr'>totius</span> <span class='ocrx_word' id='word_1_134' title='bbox 2406 1642 2723 1717; x_wconf 80' lang='lat' dir='ltr'>civitatis</span> <span class='ocrx_word' id='word_1_135' title='bbox 2757 1642 2952 1716; x_wconf 65' lang='lat' dir='ltr'>lustu</span> <span class='ocrx_word' id='word_1_136' title='bbox 2988 1695 3013 1733; x_wconf 86' lang='lat'><strong>,</strong></span> <span class='ocrx_word' id='word_1_137' title='bbox 3065 1668 3220 1743; x_wconf 79' lang='lat' dir='ltr'>quoe</span> <span class='ocrx_word' id='word_1_138' title='bbox 3268 1645 3528 1720; x_wconf 78' lang='lat' dir='ltr'>calami·</span> 
     </span>
     <span class='ocr_line' id='line_1_15' title="bbox 927 1741 3524 1842; baseline 0.002 -28"><span class='ocrx_word' id='word_1_139' title='bbox 927 1763 1155 1815; x_wconf 85' lang='lat' dir='ltr'>tatem</span> <span class='ocrx_word' id='word_1_140' title='bbox 1216 1744 1395 1818; x_wconf 87' lang='lat' dir='ltr'>hanc</span> <span class='ocrx_word' id='word_1_141' title='bbox 1431 1741 1867 1818; x_wconf 84' lang='lat' dir='ltr'>acerbiffime</span> <span class='ocrx_word' id='word_1_142' title='bbox 1900 1745 2070 1819; x_wconf 89' lang='lat' dir='ltr'>tulit</span> <span class='ocrx_word' id='word_1_143' title='bbox 2104 1797 2126 1834; x_wconf 93' lang='lat'>‚</span> <span class='ocrx_word' id='word_1_144' title='bbox 2181 1745 2252 1817; x_wconf 72' lang='lat' dir='ltr'>Bt</span> <span class='ocrx_word' id='word_1_145' title='bbox 2310 1768 2441 1842; x_wconf 87' lang='lat' dir='ltr'>pro</span> <span class='ocrx_word' id='word_1_146' title='bbox 2479 1744 2747 1816; x_wconf 80' lang='lat' dir='ltr'>summa</span> <span class='ocrx_word' id='word_1_147' title='bbox 2785 1764 3199 1841; x_wconf 85' lang='lat' dir='ltr'>temporum</span> <span class='ocrx_word' id='word_1_148' title='bbox 3250 1743 3524 1819; x_wconf 82' lang='lat' dir='ltr'>difficul-</span> 
     </span>
     <span class='ocr_line' id='line_1_16' title="bbox 931 1840 3519 1954; baseline 0.002 -39"><span class='ocrx_word' id='word_1_149' title='bbox 931 1861 1082 1915; x_wconf 82' lang='lat' dir='ltr'>tate</span> <span class='ocrx_word' id='word_1_150' title='bbox 1135 1840 1318 1917; x_wconf 88' lang='lat' dir='ltr'>eiam</span> <span class='ocrx_word' id='word_1_151' title='bbox 1371 1843 1445 1915; x_wconf 89' lang='lat' dir='ltr'>in</span> <span class='ocrx_word' id='word_1_152' title='bbox 1479 1867 1693 1918; x_wconf 91' lang='lat' dir='ltr'>omen</span> <span class='ocrx_word' id='word_1_153' title='bbox 1732 1844 1956 1917; x_wconf 88' lang='lat' dir='ltr'>vertit</span> <span class='ocrx_word' id='word_1_154' title='bbox 1992 1899 2009 1919; x_wconf 88' lang='lat'><strong>.</strong></span> <span class='ocrx_word' id='word_1_155' title='bbox 2077 1843 2288 1919; x_wconf 83' lang='lat' dir='ltr'>Talis</span> <span class='ocrx_word' id='word_1_156' title='bbox 2339 1843 2479 1917; x_wconf 83' lang='lat' dir='ltr'>fuit</span> <span class='ocrx_word' id='word_1_157' title='bbox 2520 1842 2912 1954; x_wconf 73' lang='lat' dir='ltr'>Episcopus·</span> <span class='ocrx_word' id='word_1_158' title='bbox 2942 1896 2966 1934; x_wconf 84' lang='lat'><strong>,</strong></span> <span class='ocrx_word' id='word_1_159' title='bbox 3018 1868 3099 1917; x_wconf 87' lang='lat' dir='ltr'>ut</span> <span class='ocrx_word' id='word_1_160' title='bbox 3148 1868 3288 1918; x_wconf 77' lang='lat' dir='ltr'>non</span> <span class='ocrx_word' id='word_1_161' title='bbox 3315 1843 3519 1922; x_wconf 84' lang='lat' dir='ltr'>solum</span> 
     </span>
     <span class='ocr_line' id='line_1_17' title="bbox 929 1941 3516 2055; baseline 0.003 -42"><span class='ocrx_word' id='word_1_162' title='bbox 929 1964 1090 2014; x_wconf 84' lang='lat' dir='ltr'>cum</span> <span class='ocrx_word' id='word_1_163' title='bbox 1132 1941 1635 2055; x_wconf 79' lang='lat' dir='ltr'>probatissimis</span> <span class='ocrx_word' id='word_1_164' title='bbox 1689 1941 1896 2040; x_wconf 83' lang='lat' dir='ltr'>hujus</span> <span class='ocrx_word' id='word_1_165' title='bbox 1931 1943 2159 2019; x_wconf 80' lang='lat' dir='ltr'>aetatis</span> <span class='ocrx_word' id='word_1_166' title='bbox 2192 1996 2215 2034; x_wconf 90' lang='lat'>‚</span> <span class='ocrx_word' id='word_1_167' title='bbox 2286 1942 2402 2016; x_wconf 89' lang='lat' dir='ltr'>sed</span> <span class='ocrx_word' id='word_1_168' title='bbox 2443 1967 2602 2017; x_wconf 86' lang='lat' dir='ltr'>cum</span> <span class='ocrx_word' id='word_1_169' title='bbox 2661 1942 3051 2039; x_wconf 72' lang='lat' dir='ltr'>majoribus</span> <span class='ocrx_word' id='word_1_170' title='bbox 3104 1944 3312 2018; x_wconf 83' lang='lat' dir='ltr'>etiam</span> <span class='ocrx_word' id='word_1_171' title='bbox 3346 1970 3516 2022; x_wconf 75' lang='lat' dir='ltr'>con·</span> 
     </span>
     <span class='ocr_line' id='line_1_18' title="bbox 926 2042 3515 2145; baseline 0.002 -32"><span class='ocrx_word' id='word_1_172' title='bbox 926 2062 1164 2137; x_wconf 73' lang='lat' dir='ltr'>param</span> <span class='ocrx_word' id='word_1_173' title='bbox 1204 2042 1522 2141; x_wconf 89' lang='lat' dir='ltr'>potuerit</span> <span class='ocrx_word' id='word_1_174' title='bbox 1557 2095 1577 2116; x_wconf 90' lang='lat'><strong>.</strong></span> <span class='ocrx_word' id='word_1_175' title='bbox 1629 2044 1933 2116; x_wconf 86' lang='lat' dir='ltr'>Severus</span> <span class='ocrx_word' id='word_1_176' title='bbox 1984 2046 2054 2116; x_wconf 74' lang='grc' dir='ltr'>ἃ</span> <span class='ocrx_word' id='word_1_177' title='bbox 2091 2043 2330 2145; x_wconf 83' lang='lat' dir='ltr'>gravis</span> <span class='ocrx_word' id='word_1_178' title='bbox 2351 2048 2384 2134; x_wconf 84' lang='grc'>’,</span> <span class='ocrx_word' id='word_1_179' title='bbox 2438 2045 2549 2118; x_wconf 85' lang='lat' dir='ltr'>sed</span> <span class='ocrx_word' id='word_1_180' title='bbox 2590 2045 2823 2132; x_wconf 84' lang='lat' dir='ltr'>idem,</span> <span class='ocrx_word' id='word_1_181' title='bbox 2876 2069 3041 2116; x_wconf 87' lang='lat' dir='ltr'>cum</span> <span class='ocrx_word' id='word_1_182' title='bbox 3100 2066 3367 2142; x_wconf 77' lang='lat' dir='ltr'>tempus</span> <span class='ocrx_word' id='word_1_183' title='bbox 3415 2075 3515 2145; x_wconf 84' lang='lat' dir='ltr'>po-</span> 
     </span>
     <span class='ocr_line' id='line_1_19' title="bbox 925 2137 3515 2242; baseline 0.004 -32"><span class='ocrx_word' id='word_1_184' title='bbox 925 2137 1152 2212; x_wconf 82' lang='lat' dir='ltr'>sceret</span> <span class='ocrx_word' id='word_1_185' title='bbox 1184 2194 1205 2231; x_wconf 89' lang='lat'><strong>,</strong></span> <span class='ocrx_word' id='word_1_186' title='bbox 1262 2141 1555 2215; x_wconf 81' lang='lat' dir='ltr'>blandus</span> <span class='ocrx_word' id='word_1_187' title='bbox 1588 2142 1659 2213; x_wconf 78' lang='grc' dir='ltr'>δε</span> <span class='ocrx_word' id='word_1_188' title='bbox 1697 2141 2000 2218; x_wconf 83' lang='lat' dir='ltr'>affabilis</span> <span class='ocrx_word' id='word_1_189' title='bbox 2032 2192 2057 2233; x_wconf 87' lang='lat'><strong>,</strong></span> <span class='ocrx_word' id='word_1_190' title='bbox 2110 2143 2313 2241; x_wconf 83' lang='lat' dir='ltr'>supra</span> <span class='ocrx_word' id='word_1_191' title='bbox 2348 2164 2563 2242; x_wconf 77' lang='lat' dir='ltr'>quam</span> <span class='ocrx_word' id='word_1_192' title='bbox 2618 2143 2767 2241; x_wconf 70' lang='lat' dir='ltr'>ejus</span> <span class='ocrx_word' id='word_1_193' title='bbox 2800 2144 3042 2215; x_wconf 80' lang='lat' dir='ltr'>vultus</span> <span class='ocrx_word' id='word_1_194' title='bbox 3074 2145 3273 2241; x_wconf 76' lang='lat' dir='ltr'>plane</span> <span class='ocrx_word' id='word_1_195' title='bbox 3306 2146 3515 2222; x_wconf 80' lang='lat' dir='ltr'>censo-</span> 
     </span>
     <span class='ocr_line' id='line_1_20' title="bbox 924 2235 3511 2342; baseline 0.004 -32"><span class='ocrx_word' id='word_1_196' title='bbox 924 2235 1076 2311; x_wconf 75' lang='lat' dir='ltr'>rius</span> <span class='ocrx_word' id='word_1_197' title='bbox 1102 2239 1439 2338; x_wconf 75' lang='lat' dir='ltr'>polliceri</span> <span class='ocrx_word' id='word_1_198' title='bbox 1476 2240 1844 2316; x_wconf 86' lang='lat' dir='ltr'>videretur</span> <span class='ocrx_word' id='word_1_199' title='bbox 1878 2295 1896 2314; x_wconf 92' lang='lat'><strong>.</strong></span> <span class='ocrx_word' id='word_1_200' title='bbox 1951 2245 2206 2316; x_wconf 86' lang='lat' dir='ltr'>Sermo</span> <span class='ocrx_word' id='word_1_201' title='bbox 2242 2240 2717 2338; x_wconf 77' lang='lat' dir='ltr'>compofitus,</span> <span class='ocrx_word' id='word_1_202' title='bbox 2761 2244 2841 2315; x_wconf 74' lang='grc' dir='ltr'>δε</span> <span class='ocrx_word' id='word_1_203' title='bbox 2876 2243 2950 2315; x_wconf 83' lang='lat' dir='ltr'>in</span> <span class='ocrx_word' id='word_1_204' title='bbox 2991 2268 3069 2316; x_wconf 87' lang='lat' dir='ltr'>re</span> <span class='ocrx_word' id='word_1_205' title='bbox 3098 2243 3401 2342; x_wconf 81' lang='lat' dir='ltr'>qualibet</span> <span class='ocrx_word' id='word_1_206' title='bbox 3429 2247 3511 2320; x_wconf 78' lang='lat' dir='ltr'>ita</span> 
     </span>
     <span class='ocr_line' id='line_1_21' title="bbox 924 2335 3512 2445; baseline 0.004 -36"><span class='ocrx_word' id='word_1_207' title='bbox 924 2337 1245 2412; x_wconf 83' lang='lat' dir='ltr'>eruditus</span> <span class='ocrx_word' id='word_1_208' title='bbox 1283 2392 1306 2430; x_wconf 91' lang='lat'>‚</span> <span class='ocrx_word' id='word_1_209' title='bbox 1359 2361 1440 2412; x_wconf 89' lang='lat' dir='ltr'>ut</span> <span class='ocrx_word' id='word_1_210' title='bbox 1472 2335 1746 2438; x_wconf 86' lang='lat' dir='ltr'>semper</span> <span class='ocrx_word' id='word_1_211' title='bbox 1785 2339 2208 2416; x_wconf 86' lang='lat' dir='ltr'>meditatum</span> <span class='ocrx_word' id='word_1_212' title='bbox 2246 2340 2569 2416; x_wconf 78' lang='lat' dir='ltr'>crederes</span> <span class='ocrx_word' id='word_1_213' title='bbox 2603 2395 2620 2415; x_wconf 88' lang='lat'><strong>.</strong></span> <span class='ocrx_word' id='word_1_214' title='bbox 2674 2345 2757 2417; x_wconf 79' lang='lat' dir='ltr'>ld</span> <span class='ocrx_word' id='word_1_215' title='bbox 2796 2341 2937 2416; x_wconf 85' lang='lat' dir='ltr'>fuit</span> <span class='ocrx_word' id='word_1_216' title='bbox 2976 2343 3049 2416; x_wconf 87' lang='lat' dir='ltr'>in</span> <span class='ocrx_word' id='word_1_217' title='bbox 3082 2343 3512 2445; x_wconf 58' lang='lat' dir='ltr'>ino-singula·</span> 
     </span>
     <span class='ocr_line' id='line_1_22' title="bbox 922 2437 3507 2540; baseline 0.004 -32"><span class='ocrx_word' id='word_1_218' title='bbox 922 2451 1006 2508; x_wconf 71' lang='lat' dir='ltr'>re</span> <span class='ocrx_word' id='word_1_219' title='bbox 1038 2488 1063 2527; x_wconf 91' lang='lat'>‚</span> <span class='ocrx_word' id='word_1_220' title='bbox 1114 2437 1309 2537; x_wconf 81' lang='lat' dir='ltr'>quod</span> <span class='ocrx_word' id='word_1_221' title='bbox 1341 2463 1501 2513; x_wconf 89' lang='lat' dir='ltr'>cum</span> <span class='ocrx_word' id='word_1_222' title='bbox 1546 2438 1935 2538; x_wconf 88' lang='lat' dir='ltr'>plurimum</span> <span class='ocrx_word' id='word_1_223' title='bbox 1989 2441 2337 2540; x_wconf 79' lang='lat' dir='ltr'>temporis</span> <span class='ocrx_word' id='word_1_224' title='bbox 2389 2441 2760 2516; x_wconf 84' lang='lat' dir='ltr'>literarum</span> <span class='ocrx_word' id='word_1_225' title='bbox 2792 2441 3029 2516; x_wconf 74' lang='lat' dir='ltr'>studiis</span> <span class='ocrx_word' id='word_1_226' title='bbox 3056 2445 3455 2517; x_wconf 73' lang='lat' dir='ltr'>concederet</span> <span class='ocrx_word' id='word_1_227' title='bbox 3482 2498 3507 2534; x_wconf 88' lang='lat'><strong>,</strong></span> 
     </span>
     <span class='ocr_line' id='line_1_23' title="bbox 920 2537 3506 2642; baseline 0.003 -36"><span class='ocrx_word' id='word_1_228' title='bbox 920 2557 1074 2607; x_wconf 82' lang='lat' dir='ltr'>non</span> <span class='ocrx_word' id='word_1_229' title='bbox 1110 2551 1352 2611; x_wconf 79' lang='lat' dir='ltr'>tamen</span> <span class='ocrx_word' id='word_1_230' title='bbox 1406 2537 1474 2612; x_wconf 86' lang='lat' dir='ltr'>se</span> <span class='ocrx_word' id='word_1_231' title='bbox 1509 2538 1716 2612; x_wconf 86' lang='lat' dir='ltr'>rebus</span> <span class='ocrx_word' id='word_1_232' title='bbox 1746 2540 2036 2640; x_wconf 79' lang='lat' dir='ltr'>agendis</span> <span class='ocrx_word' id='word_1_233' title='bbox 2074 2539 2496 2619; x_wconf 82' lang='lat' dir='ltr'>subducebat</span> <span class='ocrx_word' id='word_1_234' title='bbox 2533 2563 2557 2630; x_wconf 69' lang='grc' dir='ltr'><strong><em>ς</em></strong></span> <span class='ocrx_word' id='word_1_235' title='bbox 2610 2564 2758 2642; x_wconf 79' lang='lat' dir='ltr'>quo</span> <span class='ocrx_word' id='word_1_236' title='bbox 2793 2541 3046 2616; x_wconf 55' lang='lat' dir='ltr'>factum</span> <span class='ocrx_word' id='word_1_237' title='bbox 3078 2539 3171 2614; x_wconf 81' lang='lat' dir='ltr'>est</span> <span class='ocrx_word' id='word_1_238' title='bbox 3207 2594 3230 2633; x_wconf 90' lang='lat'>,</span> <span class='ocrx_word' id='word_1_239' title='bbox 3278 2567 3360 2617; x_wconf 82' lang='lat' dir='ltr'>ut</span> <span class='ocrx_word' id='word_1_240' title='bbox 3389 2546 3506 2617; x_wconf 81' lang='lat' dir='ltr'>do-</span> 
     </span>
     <span class='ocr_line' id='line_1_24' title="bbox 915 2632 3504 2745; baseline 0.003 -35"><span class='ocrx_word' id='word_1_241' title='bbox 915 2632 1263 2710; x_wconf 68' lang='lat' dir='ltr'>stiffimus</span> <span class='ocrx_word' id='word_1_242' title='bbox 1281 2640 1492 2730; x_wconf 69' lang='lat' dir='ltr'>esset,</span> <span class='ocrx_word' id='word_1_243' title='bbox 1525 2637 1855 2740; x_wconf 86' lang='lat' dir='ltr'>idemque</span> <span class='ocrx_word' id='word_1_244' title='bbox 1893 2640 2509 2741; x_wconf 79' lang='lat' dir='ltr'>prudentiffimus.</span> <span class='ocrx_word' id='word_1_245' title='bbox 2567 2642 2793 2742; x_wconf 86' lang='lat' dir='ltr'>Idipfi</span> <span class='ocrx_word' id='word_1_246' title='bbox 2816 2641 2995 2741; x_wconf 74' lang='lat' dir='ltr'>apud</span> <span class='ocrx_word' id='word_1_247' title='bbox 3026 2641 3504 2745; x_wconf 69' lang='lat' dir='ltr'>iuosmagnam</span> 
     </span>
     <span class='ocr_line' id='line_1_25' title="bbox 916 2737 3634 2842; baseline 0.004 -34"><span class='ocrx_word' id='word_1_248' title='bbox 916 2737 1383 2812; x_wconf 71' lang='lat' dir='ltr'>autoritatem</span> <span class='ocrx_word' id='word_1_249' title='bbox 1424 2739 1848 2814; x_wconf 85' lang='lat' dir='ltr'>conciliavit</span> <span class='ocrx_word' id='word_1_250' title='bbox 1891 2792 1915 2831; x_wconf 88' lang='lat'>‚</span> <span class='ocrx_word' id='word_1_251' title='bbox 1965 2739 2354 2817; x_wconf 83' lang='lat' dir='ltr'>liberalitas</span> <span class='ocrx_word' id='word_1_252' title='bbox 2391 2761 2565 2814; x_wconf 81' lang='lat' dir='ltr'>vero</span> <span class='ocrx_word' id='word_1_253' title='bbox 2597 2742 2901 2842; x_wconf 79' lang='lat' dir='ltr'>gratiam</span> <span class='ocrx_word' id='word_1_254' title='bbox 2941 2794 2965 2832; x_wconf 88' lang='lat'>,</span> <span class='ocrx_word' id='word_1_255' title='bbox 3015 2743 3089 2814; x_wconf 79' lang='grc' dir='ltr'>δι</span> <span class='ocrx_word' id='word_1_256' title='bbox 3119 2743 3500 2818; x_wconf 80' lang='lat' dir='ltr'>benevolen·</span> <span class='ocrx_word' id='word_1_257' title='bbox 3623 2772 3634 2804; x_wconf 46' lang='grc' dir='ltr'><em>π</em></span> 
     </span>
     <span class='ocr_line' id='line_1_26' title="bbox 914 2832 3493 2942; baseline 0.004 -36"><span class='ocrx_word' id='word_1_258' title='bbox 914 2832 1091 2909; x_wconf 89' lang='lat' dir='ltr'>tiam</span> <span class='ocrx_word' id='word_1_259' title='bbox 1130 2887 1148 2908; x_wconf 90' lang='lat'><strong>.</strong></span> <span class='ocrx_word' id='word_1_260' title='bbox 1222 2836 1594 2911; x_wconf 78' lang='lat' dir='ltr'>Amicitiis</span> <span class='ocrx_word' id='word_1_261' title='bbox 1649 2837 1954 2912; x_wconf 75' lang='lat' dir='ltr'>usus&#39;est</span> <span class='ocrx_word' id='word_1_262' title='bbox 2006 2841 2331 2916; x_wconf 87' lang='lat' dir='ltr'>omnium</span> <span class='ocrx_word' id='word_1_263' title='bbox 2389 2839 2612 2914; x_wconf 84' lang='lat' dir='ltr'>ferme</span> <span class='ocrx_word' id='word_1_264' title='bbox 2666 2841 2769 2916; x_wconf 86' lang='lat' dir='ltr'>sui</span> <span class='ocrx_word' id='word_1_265' title='bbox 2824 2843 3175 2942; x_wconf 81' lang='lat' dir='ltr'>temporis</span> <span class='ocrx_word' id='word_1_266' title='bbox 3226 2845 3493 2918; x_wconf 79' lang='lat' dir='ltr'>literato-</span> 
     </span>
     <span class='ocr_line' id='line_1_27' title="bbox 909 2934 3488 3040; baseline 0.004 -37"><span class='ocrx_word' id='word_1_267' title='bbox 909 2946 1119 3020; x_wconf 76' lang='lat' dir='ltr'>rum,</span> <span class='ocrx_word' id='word_1_268' title='bbox 1168 2934 1570 3007; x_wconf 79' lang='lat' dir='ltr'>multorum</span> <span class='ocrx_word' id='word_1_269' title='bbox 1622 2937 1844 3008; x_wconf 87' lang='lat' dir='ltr'>etiam</span> <span class='ocrx_word' id='word_1_270' title='bbox 1882 2936 2240 3035; x_wconf 83' lang='lat' dir='ltr'>hospitiis.</span> <span class='ocrx_word' id='word_1_271' title='bbox 2295 2944 2492 3016; x_wconf 88' lang='lat' dir='ltr'>Nam</span> <span class='ocrx_word' id='word_1_272' title='bbox 2548 2941 2620 3017; x_wconf 79' lang='lat' dir='ltr'>id</span> <span class='ocrx_word' id='word_1_273' title='bbox 2674 2943 2748 3016; x_wconf 84' lang='lat' dir='ltr'>iu</span> <span class='ocrx_word' id='word_1_274' title='bbox 2774 2941 3026 3040; x_wconf 74' lang='lat' dir='ltr'>primis</span> <span class='ocrx_word' id='word_1_275' title='bbox 3075 2945 3387 3033; x_wconf 77' lang='lat' dir='ltr'>curabat,</span> <span class='ocrx_word' id='word_1_276' title='bbox 3422 2964 3488 3015; x_wconf 89' lang='lat' dir='ltr'>ut</span> 
     </span>
     <span class='ocr_line' id='line_1_28' title="bbox 908 3023 3484 3143; baseline 0.008 -46"><span class='ocrx_word' id='word_1_277' title='bbox 908 3023 1225 3125; x_wconf 82' lang='lat' dir='ltr'>hospites</span> <span class='ocrx_word' id='word_1_278' title='bbox 1251 3028 1665 3132; x_wconf 86' lang='lat' dir='ltr'>frequenter</span> <span class='ocrx_word' id='word_1_279' title='bbox 1700 3032 1994 3107; x_wconf 83' lang='lat' dir='ltr'>haberet</span> <span class='ocrx_word' id='word_1_280' title='bbox 2029 3060 2051 3121; x_wconf 84' lang='lat'><em>3</em></span> <span class='ocrx_word' id='word_1_281' title='bbox 2105 3061 2408 3126; x_wconf 80' lang='lat' dir='ltr'>cumque</span> <span class='ocrx_word' id='word_1_282' title='bbox 2442 3040 2589 3143; x_wconf 86' lang='lat' dir='ltr'>ipse</span> <span class='ocrx_word' id='word_1_283' title='bbox 2622 3041 3040 3120; x_wconf 74' lang='lat' dir='ltr'>tenuiffimo</span> <span class='ocrx_word' id='word_1_284' title='bbox 3077 3044 3277 3121; x_wconf 62' lang='lat' dir='ltr'>victu</span> <span class='ocrx_word' id='word_1_285' title='bbox 3312 3067 3484 3120; x_wconf 84' lang='lat' dir='ltr'>utere·</span> 
     </span>
     <span class='ocr_line' id='line_1_29' title="bbox 909 3124 2355 3237; baseline 0.014 -40"><span class='ocrx_word' id='word_1_286' title='bbox 909 3142 1068 3221; x_wconf 86' lang='lat' dir='ltr'>tur,</span> <span class='ocrx_word' id='word_1_287' title='bbox 1123 3124 1300 3205; x_wconf 84' lang='lat' dir='ltr'>alios</span> <span class='ocrx_word' id='word_1_288' title='bbox 1331 3130 1883 3232; x_wconf 78' lang='lat' dir='ltr'>splendidiffime</span> <span class='ocrx_word' id='word_1_289' title='bbox 1919 3134 2355 3237; x_wconf 84' lang='lat' dir='ltr'>excipiebat.</span> 
     </span>
    </p>
   </div>
   <div class='ocr_carea' id='block_1_3' title="bbox 1618 3590 2723 4314">
    <p class='ocr_par' dir='ltr' id='par_1_3' title="bbox 1618 3590 2723 4314">
     <span class='ocr_line' id='line_1_30' title="bbox 1618 3590 2723 4314; baseline 0 1120"><span class='ocrx_word' id='word_1_290' title='bbox 1618 3590 2723 4314; x_wconf 95' lang='lat' dir='ltr'> </span> 
     </span>
    </p>
   </div>
   <div class='ocr_carea' id='block_1_4' title="bbox 3071 4652 3391 4738">
    <p class='ocr_par' dir='ltr' id='par_1_4' title="bbox 3071 4652 3391 4738">
     <span class='ocr_line' id='line_1_31' title="bbox 3071 4652 3391 4738; baseline -0.016 0"><span class='ocrx_word' id='word_1_291' title='bbox 3071 4652 3391 4738; x_wconf 83' lang='lat' dir='ltr'><strong>EXPE-</strong></span> 
     </span>
    </p>
   </div>
  </div>
 </body>
</html>
