3709 5434
507 183 606 310 416
888 170 1389 307 Ac'rn'

257 407 422 477 nell-:rud
434 395 589 468 Carolus
608 387 823 490 Augustinus
841 390 1052 481 Fabronns,
1080 411 1175 460 nune
1202 386 1348 461 S.R.E.
1375 381 1603 478 cardinalia,
1630 385 1669 460 in
1686 389 1748 487 pri·

256 496 414 571 An·¹7¹7·
437 492 503 567 mis
520 490 654 595 coluit,
681 488 824 590 ejusque
851 485 1180 599 commendatio-ne⁸
1196 484 1332 560 fastum
1351 485 1422 601 est,
1451 511 1488 560 ut
1508 510 1588 560 eum
1603 484 1747 562 eminen·

255 569 400 650 mu&
438 593 589 669 tisfimns
617 587 782 688 Josephus
810 593 971 664 Renarus
997 585 1200 687 Impetralrs
1229 590 1435 663 Ferrartam
1462 592 1618 687 Legatos
1645 587 1747 663 minus

438 694 548 783 effet,
573 690 779 788 Philippum
797 687 858 762 fibi
868 688 1099 788 adjungeret,
1128 684 1646 790 &juridicundoptaeficeret,
1668 694 1745 787 quod

439 794 602 869 officium
629 789 812 867 Auditorr's,
836 789 1042 887 appellant.
1069 790 1287 860 Sexennium
1317 786 1354 859 in
1383 816 1424 863 ea
1445 787 1645 886 legatione
1671 813 1747 862 eon·

439 914 622 981 moratus,
650 887 700 962 ira
727 890 762 961 le
789 889 956 963 omnibns
974 886 1142 986 singulari
1172 886 1393 984 prudentia,
1420 886 1521 978 fide,
1549 886 1743 986 integritate

440 988 740 1078 commendavit,
767 1010 806 1060 nt
828 1013 909 1062 curn
929 987 1134 1061 Cardinalis
1154 985 1341 1085 provincia
1360 989 1544 1064 decederet
1564 1039 1576 1078 ‚
1605 1012 1682 1061 eum
1700 987 1745 1062 fili

441 1092 670 1167 retinendum
690 1089 894 1184 putaverit,
923 1112 961 1161 nt
982 1091 1105 1161 Romae
1135 1110 1278 1185 qnoque
1306 1085 1343 1158 in
1365 1091 1558 1162 multarum
1577 1092 1744 1185 Congrege-

444 1196 572 1267 tionum
600 1187 755 1287 negotiis
782 1187 857 1261 e'us
881 1214 990 1286 opera
1009 1209 1188 1261 uteretur.
1216 1188 1305 1277 Quo
1325 1184 1519 1262 inmunere
1539 1185 1625 1260 sane
1638 1187 1742 1286 granis·

365 1304 368 1309 ’
444 1292 565 1379 fimo,
588 1285 763 1389 'quidquid
790 1212 972 1385 inpererar
987 1288 1088 1378 orii,
1115 1285 1151 1359 id
1170 1305 1289 1358 totum
1318 1284 1355 1358 in
1376 1287 1605 1386 antiquitatis
1624 1284 1741 1361 lludinn

445 1388 651 1467 conferebat
673 1415 684 1476 3
712 1414 821 1489 eaque
840 1386 1011 1463 industria
1039 1383 1276 1461 celeberrimo
1292 1387 1479 1461 Cardinali
1498 1386 1649 1461 Norifio
1663 1388 1743 1485 pluri·

449 1513 549 1565 mum
578 1489 774 1587 probatus,
801 1486 843 1560 ad
872 1488 1000 1561 intima
1028 1487 1103 1583 ejus
1129 1486 1314 1559 literarum
1343 1487 1488 1561 confilia
1513 1485 1743 1576 admirarer,

448 1588 644 1688 multisque
673 1587 929 1667 benevolentia
946 1586 1160 1661 testimoniis
1178 1584 1283 1683 supra
1308 1608 1446 1661 eeteros
1471 1609 1640 1660 ornatus.
1661 1585 1743 1660 Arei·

449 1689 505 1765 dit
532 1714 594 1788 per
612 1714 651 1763 ea
670 1711 854 1787 tempora,
883 1713 920 1762 nt
934 1687 1040 1761 Antii
1058 1685 1194 1761 rudera*
1205 1686 1248 1760 ad
1269 1710 1391 1785 portus
1408 1684 1690 1760 construdlionen
1705 1682 1743 1758 ti·

449 1789 681 1879 foderentur,
709 1813 753 1863 ert
771 1811 843 1888 quo
871 1787 1096 1862 intellebinm
1114 1786 1163 1862 est
1181 1838 1193 1877 ,
1219 1786 1341 1860 literas
1358 1811 1501 1959 quoque
1519 1786 1660 1862 fortuna
1675 1783 1744 1859 indi·

451 1912 566 1989 gere,
594 1888 755 1985 nihilque
773 1887 964 1962 admodum
996 1886 1115 1961 valere
1142 1886 1213 1961 five
1230 1885 1273 1961 ad
1292 1910 1377 1983 opes
1396 1939 1409 1977 ,
1461 1912 1504 1961 ve
1521 1887 1629 1960 eriam
1654 1883 1743 1960 adb-

451 1983 1403 2184 lancellllll„lllffllllllzlqnlffi
1416 1982 1746 2160 llllelllllll

451 2185 552 2276 sent,
580 2187 663 2261 hinc
681 2186 743 2261 fibi
763 2188 945 2287 Philippus
973 2114 1192 2261 decadonem
1221 2183 1373 2284 arripuit
1390 2182 1721 2301 ingeniiprodendis
1738 2182 1745 2197 '

455 2310 500 2358 eo
516 2289 774 2386 syntagmate,
800 2287 897 2385 qnod
924 2285 973 2359 est
1000 2287 1042 2362 de
1054 2287 1269 2360 monumentis
1282 2287 1381 2358 Antii
1389 2316 1406 2374 ,·
1433 2312 1469 2359 nn
1488 2286 1580 2387 quotl
1597 2309 1661 2358 ram
1672 2282 1749 2358 mul·

455 2406 524 2473 ta,
551 2409 628 2459 tam
644 2386 776 2476 varia,
804 2407 878 2461 tam
896 2385 1082 2462 recondita
1107 2411 1148 2460 ex
1168 2384 1270 2460 omni
1297 2384 1499 2462 eruditione
1513 2383 1681 2480 conjecit,
1713 2403 1749 2455 nt

452 2483 606 2559 minima
625 2510 703 2582 pars
725 2483 834 2558 titulo
851 2483 1094 2586 lignilieetur.
1130 2486 1326 2585 Egregium
1353 2483 1627 2562 lucubrationem·
1645 2483 1744 2555 Inno-

453 2584 696 2660 tentiusXII.
725 2587 831 2659 Pont.
850 2587 954 2659 Max.
983 2589 1084 2662 valde
1110 2586 1304 2683 probavit,
1343 2611 1406 2661 nec
1434 2583 1586 2661 laudibus
1607 2580 1745 2670 lulum,

453 2707 607 2783 quarum
625 2684 730 2760 multi
758 2682 870 2759 solent
886 2687 954 2760 elle
972 2682 1225 2778 liberaliffimi,
1251 2684 1436 2760 sedetiam
1464 2681 1636 2761 benefieiis
1660 2706 1745 2755 orna·

453 2784 544 2875 vit,
571 2785 670 2885 plura
698 2784 865 2878 daturus,
892 2785 956 2860 nist
983 2785 1060 2861 lato
1086 2786 1305 2886 interceptus
1329 2783 1471 2860 fuisset.
1501 2788 1746 2869 Veruntamen,

450 2882 552 2984 quod
579 2883 640 2958 ille
668 2885 916 2982 praestarenon
937 2887 1075 2985 potuit,
1102 2886 1239 2961 abunde
1251 2882 1409 2985 praestitit
1427 2885 1596 2960 Clemens
1608 2879 1744 2980 x1.,qei

458 3006 526 3080 pro
544 2981 604 3056 sua
631 2983 781 3083 quadam
811 3008 883 3058 non
903 2984 1089 3084 religionis
1109 2987 1239 3077 modo,
1266 2983 1324 3061 sed
1341 2983 1450 3061 etiam
1479 2985 1661 3059 literarum
1682 3003 1745 3055 cura

459 3078 668 3180 Philippum
688 3082 912 3181 complexus,
932 3083 1145 3160 Adriensem
1157 3084 1374 3187 Episcopum
1395 3085 1624 3163 renunciavit
1639 3078 1748 3157 nalal

299 3274 311 3286 ·
456 3177 565 3254 Febr.
585 3184 834 3258 Anmtooorr.
862 3182 939 3276 Qui
957 3182 1113 3259 hominis
1132 3187 1285 3261 virtutes
1312 3187 1552 3288 &ingenium
1582 3202 1751 3268 noverant,

456 3303 533 3355 non
551 3305 634 3356 enm
652 3279 806 3355 libenter
830 3281 1008 3359 discedere
1027 3288 1147 3361 Roma
1175 3286 1433 3388 patiebantur,
1460 3310 1499 3362 ut
1529 3288 1568 3361 in
1590 3285 1750 3363 ltaliam·

458 3379 546 3479 gulo
571 3407 636 3457 nec
656 3381 795 3480 prorsus
811 3382 961 3479 illustri,
986 3410 1100 3486 neque
1116 3388 1348 3462 saluberrimo
1365 3388 1589 3463 delitesceret
1608 3414 1620 3475 ς
1643 3383 1694 3459 led
1709 3380 1751 3453 illt

459 3502 580 3554 tamen
601 3480 694 3556 nibil
709 3482 778 3557 tale
795 3480 1026 3561 recusandum
1045 3509 1162 3578 ratus,
1188 3488 1225 3562 in
1244 3513 1320 3586 quo
1334 3487 1457 3563 divina
1477 3487 1640 3588 quaedam
1657 3484 1753 3578 visap

462 3580 607 3677 parebat
634 3581 671 3654 δι
690 3582 940 3680 providentia,
966 3586 1187 3688 Rbodigium
1215 3586 1331 3662 {latim
1351 3586 1626 3689 profeblusest,
1649 3602 1757 3658 totam·

460 3702 531 3851 que
548 3679 582 3755 se
602 3678 851 3779 eiusEcelefiae
877 3683 981 3759 rebus
1000 3687 1158 3761 addixit.
1187 3689 1325 3787 Magna
1345 3689 1382 3764 in
1400 3714 1443 3763 eo
1460 3681 1761 3780 suitbeinrelligen·

487 3775 518 3869 i,
545 3781 727 3882 &agendi
744 3785 935 3858 celeritas:
965 3785 1086 3887 itaque
1113 3811 1194 3860 euna
1222 3788 1345 3862 omnia
1372 3789 1438 3863 lua
1457 3787 1649 3889 provincie
1670 3802 1760 3879 ⁰28⁰

222 3893 225 3898 ’
272 3909 351 3998 Μ,
369 3910 442 3995 333,
459 3876 512 3953 tia
538 3880 613 3995 ipse
639 3906 701 3979 per
717 3882 752 3958 se
778 3882 1047 3983 diligentiffime
1073 3887 1278 3985 expediret,
1305 3887 1508 3989 optimique
1520 3885 1677 3963 Prasulis
1699 3902 1761 3977 par·

458 4000 512 4092 tes
537 3982 731 4079 impleret,
753 3983 811 4058 sna
831 4005 951 4059 tamen
980 4008 1143 4084 tempora
1163 3991 1278 4062 Molis
1300 4014 1442 4090 quoque
1469 3988 1675 4063 tribuebat.
1698 3983 1761 4054 Hu-

456 4104 512 4179 Jns
538 4079 715 4156 industriae
741 4085 914 4183 querenti
942 4081 1108 4175 socium,
1146 4113 1222 4162 non
1249 4087 1362 4164 demit
1390 4092 1527 4165 Comes
1537 4078 1762 4163 Camillusde

456 4179 661 4271 Silvestre,
686 4204 814 4258 notum
841 4182 880 4258 in
899 4188 1036 4288 Repub.
1063 4187 1224 4263 literaria
1251 4216 1414 4281 nomen,
1440 4212 1543 4264 aetate
1569 4211 1662 4289 pene
1680 4175 1767 4290 pari>
1809 4228 1810 4279 q

459 4301 605 4355 morum
639 4304 732 4354 vero
756 4282 965 4384 elegantia,
998 4288 1034 4361 be
1061 4287 1288 4389 antiquitatis
1314 4288 1433 4364 studio
1465 4288 1559 4364 nibil
1586 4280 1765 4388 diffimihn·

456 4380 569 4492 Hune
603 4378 664 4454 fibi
693 4380 880 4483 Philippus
908 4407 1082 4489 tanquam
1112 4389 1289 4465 divinitus
1316 4390 1438 4465 datam
1477 4391 1515 4463 in
1546 4389 1635 4464 urbe
1662 4380 1769 4491 multra

456 4478 603 4579 quidem
629 4480 734 4557 teboa
757 4505 913 4580 ornata,
933 4485 994 4565 led
1010 4489 1125 4567 literis
1152 4490 1309 4568 colendis
1336 4517 1410 4568 non
1430 4488 1628 4569 admodum
1656 4497 1772 4580 appar

1629 4608 1733 4680 Μὴ
