3709 5434
435 188 496 296 28
816 182 1206 284 Acrn

175 423 338 488 ndssrutl.
359 403 488 504 pellam
518 426 583 502 pto
609 399 824 499 antiquitate
852 396 1052 469 Literarum
1080 390 1361 482 Hebraicarum,
1385 415 1472 491 quas
1489 391 1677 492 quadratas

177 511 513 592 An.1711.vocant,
540 501 702 574 adversus
729 496 969 571 Samaritanus
996 490 1171 592 disputat,
1198 515 1315 564 motus
1345 516 1435 565 vero
1462 493 1503 565 ab
1521 492 1583 565 ista
1601 491 1676 564 sen·

177 581 215 644 M
242 582 324 645 Νῦν·
360 603 474 676 tentia
502 601 606 699 paulo
636 597 730 698 post,
759 619 797 670 ut
824 593 895 693 ipse
924 591 1135 689 profitetur,
1162 587 1275 662 literis
1303 588 1473 664 Bocharti
1502 618 1540 687 ca
1568 594 1610 664 de
1640 615 1676 662 re

358 702 401 776 ad
430 698 543 798 ipsum
572 698 736 795 juvenem
765 693 1014 768 humanissime
1041 689 1207 789 scriptis.
1238 689 1298 763 Ad
1324 688 1460 785 majora
1486 714 1572 762 vero
1599 714 1681 785 pau·

358 803 396 874 lo
424 797 498 897 post
527 799 754 897 progressus,
779 792 906 894 pietati
933 816 1012 863 cunr
1045 789 1168 888 primis
1195 787 1232 860 in
1260 791 1479 879 Parentcm,
1507 814 1613 889 quem
1644 786 1680 858 in

361 884 480 973 medio
514 892 747 992 respondendi
783 891 825 966 ad
854 889 1044 981 Amyraldi
1081 911 1206 961 contra
1244 886 1389 959 Librum
1421 890 1463 958 de
1492 885 1682 960 universali

362 996 492 1074 Gratia
520 994 740 1087 objesliones
775 1013 946 1089 apparatu
972 987 1046 1062 fata
1082 988 1268 1074 tulerant,
1307 985 1483 1082 primitias
1519 988 1681 1060 laborum

361 1095 506 1170 suorum
533 1093 705 1166 sacravit.
734 1093 898 1189 Nempe,
925 1112 1005 1161 cum
1036 1085 1134 1160 miris
1158 1083 1328 1160 convitiis
1349 1086 1383 1156 &
1404 1083 1542 1180 jaslatis
1559 1087 1601 1158 ad
1623 1104 1682 1183 po·

363 1196 484 1292 pulum
520 1190 647 1266 sabulis
683 1192 864 1263 memoria
894 1185 1053 1262 Parentis
1084 1186 1271 1259 insultaret
1299 1186 1515 1279 Amyraldus
1551 1184 1621 1277 ipse
1648 1184 1683 1254 &

362 1293 545 1389 sequaces,
575 1289 690 1363 nollet
716 1290 842 1362 eodem
870 1286 982 1361 adhuc
1012 1311 1106 1359 anno
1138 1292 1240 1377 1649.
1262 1284 1356 1358 edita
1375 1285 1515 1358 Critica
1537 1282 1684 1397 Disqui·

363 1392 491 1464 litionc
517 1414 644 1463 contra
674 1388 933 1481 Amytaldum,
963 1390 1133 1473 Patrem,
1161 1408 1200 1457 ut
1228 1408 1290 1477 par
1317 1408 1423 1471 erat,
1449 1382 1649 1456 vindicarit
1677 1434 1686 1456 .

366 1489 498 1563 Redux
532 1514 619 1561 vero
645 1486 727 1559 inde
757 1492 943 1560 Genevam
963 1537 975 1573 ,
1010 1483 1188 1581 tituloque
1224 1480 1432 1554 Profell'oris
1459 1482 1686 1582 Eloquentia

368 1611 536 1676 ornatus,
564 1586 673 1675 nibil,
700 1587 796 1685 quod
824 1584 993 1672 sciamus,
1022 1581 1167 1751 publicae
1193 1579 1265 1653 luci
1283 1581 1431 1654 tradidit
1452 1596 1685 1680 praeterquam

368 1687 455 1759 duas
482 1685 706 1774 Orationes,
742 1685 783 1756 de
812 1681 958 1781 Praesepi
987 1685 1019 1754 C
1050 1676 1122 1753 risti
1151 1680 1330 1769 alteram,
1365 1681 1512 1753 alteram
1542 1680 1583 1752 de
1612 1679 1689 1776 ejus

368 1790 520 1870 Cruce,
555 1785 682 1857 Latine
711 1784 849 1870 disits,
884 1805 921 1856 at
947 1780 1087 1855 Gallice
1114 1779 1157 1852 ab
1184 1776 1260 1875 ipso
1287 1780 1473 1851 translatas
1507 1778 1689 1879 editasque

371 1887 529 1956 Genevae
558 1887 603 1955 Α.
627 1893 729 1976 ¹⁶55·
757 1906 907 1981 quarum
935 1880 1090 1977 priorem
1111 1876 1270 1953 Berolini
1298 1877 1411 1972 postea
1431 1882 1479 1951 A.
1503 1885 1605 1973 1695.
1622 1880 1690 1952 ite·

373 2006 452 2052 rum
481 1980 599 2054 recudi
627 1978 784 2053 curavit.
811 1981 877 2053 Sed
907 1979 1075 2076 paulatim
1106 1976 1215 2074 magis
1242 1974 1369 2048 effulsit
1396 1975 1575 2051 uirtutum
1600 1977 1692 2076 ptri·

374 2104 428 2151 ter
446 2080 481 2151 δι
500 2079 716 2177 dignitatum
745 2075 819 2172 ejus
845 2078 1029 2174 splendor,
1057 2075 1224 2174 srquidern
1246 2080 1395 2150 Gencva
1415 2077 1692 2176 Heidelbergam

374 2178 418 2251 ad
445 2178 625 2252 Elesloris
656 2175 806 2250 Palatini
835 2175 962 2249 Caroli
990 2174 1165 2251 Ludovici
1202 2174 1318 2247 aulam
1359 2177 1581 2273 protadius,
1619 2176 1694 2248 illic

373 2299 562 2371 tantopere
590 2274 750 2349 Elesiori
778 2272 812 2347 se
842 2274 1027 2371 probavit,
1055 2297 1094 2346 ut
1121 2273 1297 2371 unigeniti
1325 2276 1501 2371 Principis
1526 2274 1652 2348 Caroli
1682 2328 1695 2365 ,

374 2375 435 2472 qui
464 2374 629 2473 deinceps
658 2372 803 2446 ultimus
830 2372 927 2445 illius
954 2372 1115 2446 Familiae
1143 2371 1209 2445 suit
1239 2372 1415 2462 Eleslor,
1443 2374 1600 2448 moribus
1626 2374 1693 2448 slu-

374 2471 512 2571 diisque
522 2473 718 2548 formandis
733 2470 991 2571 preficeretur,
1015 2497 1054 2544 ac
1066 2472 1109 2545 ad
1135 2471 1278 2545 confilia
1294 2473 1694 2571 quoqueElcsiorisad·

373 2569 596 2646 scisceretur.
626 2573 766 2665 Quibus
793 2573 937 2675 quidem
966 2570 1171 2644 muneribus
1198 2596 1303 2670 quarn
1332 2569 1480 2671 dignum
1507 2572 1539 2646 se
1569 2572 1695 2671 prasti-

375 2670 461 2743 terit
489 2669 527 2744 in
555 2670 779 2745 difficillimis
807 2671 1049 2769 temporibus,
1075 2672 1202 2769 quibus
1231 2670 1325 2744 Aula
1342 2671 1521 2746 Elestoris
1550 2699 1610 2771 per
1637 2697 1693 2744 ot·

308 2834 311 2839 ,
375 2792 448 2841 tam
476 2796 556 2842 cum
586 2771 752 2866 Coniuge
780 2770 1040 2842 simulationem
1066 2770 1307 2867 gravissimam
1337 2771 1425 2845 mire
1451 2771 1693 2854 dividebatur,

193 2863 265 2951 Peg·
288 2887 354 2949 524·
375 2866 493 2937 dicere
521 2891 592 2937 non
620 2865 667 2936 cst
696 2864 797 2958 hujus
815 2866 903 2936 loci.
933 2866 976 2936 ld
995 2889 1134 2936 tantum
1153 2866 1393 2953 monendum,
1422 2864 1695 2938 Politicaescien·

377 2964 434 3038 tiae
458 2959 524 3035 suae
552 2963 727 3059 specimen
756 2959 890 3060 insigne
916 2961 1062 3058 abipso
1088 2959 1186 3032 fuisse
1214 2960 1350 3033 editum
1379 2968 1425 3033 A.
1447 2972 1550 3052 1657.
1581 2959 1692 3059 publi·

376 3085 463 3137 cato
489 3060 690 3151 Discursu,
725 3086 797 3160 quo
824 3065 883 3147 Jus
910 3058 1059 3154 Imperii
1088 3059 1245 3132 Romani
1281 3085 1334 3131 res
1360 3060 1510 3134 durante
1539 3061 1695 3134 Interce-

377 3184 449 3259 gno
485 3160 622 3233 vicario
658 3161 804 3233 nomine
840 3156 1107 3233 administrandi
1143 3158 1303 3231 Elesiori
1333 3159 1495 3233 Palatino
1531 3158 1695 3234 adversus

375 3260 535 3334 Bavariae
564 3259 741 3333 Elcsloris
779 3257 1119 3331 machinationes&
1147 3256 1327 3355 quaesitum
1355 3259 1397 3332 ad
1424 3258 1511 3333 illud
1546 3260 1693 3333 titulum

372 3357 506 3432 eximie
517 3356 690 3432 defendit.
719 3354 1064 3455 Quanquaminillis
1075 3355 1229 3455 politicis
1239 3357 1393 3457 negotiis
1403 3380 1533 3433 netum
1548 3358 1691 3459 quidem

376 3457 512 3530 oblitus
538 3457 579 3530 sit
597 3457 856 3555 elegantiotum
875 3455 1083 3545 Musarum,
1109 3481 1259 3556 quarum
1278 3480 1474 3548 amatores,
1501 3457 1693 3532 editaHei·

377 3554 548 3655 desberga
577 3559 623 3629 A.
655 3563 756 3628 1660.
784 3556 915 3642 Juliani
941 3555 1118 3631 Caesarum
1147 3553 1317 3629 Verstone
1345 3557 1486 3631 Gallica
1514 3556 1698 3656 elegantis·

374 3653 481 3741 sima,
506 3652 825 3728 observationibus
842 3653 1050 3728 doslislimis
1068 3653 1260 3743 illustrata,
1289 3655 1533 3754 maximopere
1557 3657 1617 3731 srbi
1636 3656 1694 3729 dc·

373 3751 522 3842 vinxit,
549 3778 588 3827 ac
616 3755 732 3827 multo
759 3753 869 3852 magia
894 3752 1030 3844 adhuc,
1057 3777 1137 3828 cum
1165 3753 1198 3829 se
1226 3752 1339 3852 ipsum
1367 3756 1481 3828 veluti
1509 3756 1695 3857 superans,

374 3848 531 3946 ejusdem
559 3852 696 3949 operis,
723 3850 793 3947 jam
823 3876 900 3925 tum
928 3854 1020 3952 apud
1048 3879 1172 3928 ornnes
1198 3853 1445 3928 absolutissimi
1474 3866 1604 3935 nornen
1625 3879 1698 3928 me·

371 3948 517 4039 reneis,
545 3975 677 4024 novam
703 3949 915 4025 Editionem
943 3952 1097 4026 multum
1126 3953 1247 4051 priore
1273 3955 1492 4032 exasliorcm
1519 3953 1696 4056 augustio·

371 4049 701 4222 sll‘allsslli
726 4049 939 4224 limis&
969 4053 1701 4228 ltlssrrslllllullaff‘lsls

372 4244 438 4317 illo
464 4270 612 4336 amore,
639 4272 711 4346 quo
737 4176 972 4349 antiduitatis
998 4276 1122 4325 omnes
1148 4251 1314 4343 ardebat,
1341 4210 1583 4352 maximopere
1611 4278 1697 4327 con·

375 4343 543 4433 ueniens,
569 4349 666 4445 quod
694 4348 737 4420 ab
765 4347 934 4422 Eledlore
961 4349 1038 4447 ipso
1067 4357 1113 4423 Α.
1138 4359 1242 4424 1661.
1272 4351 1389 4426 mense
1417 4353 1524 4450 Majo
1550 4352 1695 4426 deman·

372 4438 495 4521 datum
521 4441 637 4520 suerat
663 4445 747 4546 ipsi,
774 4445 906 4524 iterio
933 4449 1074 4525 Italiam
1105 4447 1379 4553 suscipiendum.
1407 4451 1484 4528 Etsi
1511 4451 1608 4568 enim
1625 4451 1696 4567 illo

1593 4574 1649 4627 ιιι·
