3709 5434
367 235 1134 344 Eeuo1roxmm
1267 238 1354 383 3&

45 516 49 549 τ
117 492 1430 586 ωψωψωψωωωωω
1448 489 1610 649 ‘js-32²}

1452 651 1497 711 Μ.
1517 651 1607 712 Maii.

332 705 392 809 N
476 697 797 859 ΟΪΓΑ
875 690 1200 833 N])A
1451 728 1610 810 mm

276 943 400 1027 Circa
439 936 654 1023 Tbeoriam
692 929 861 1023 colorum
899 940 1259 1031 Neoutonianam.

108 1162 187 1323 IN
218 1158 322 1234 Attis
351 1163 676 1253 A⁰·¹7¹3·P·447·
703 1155 930 1245 monuimus,
958 1156 1090 1233 multoe
1117 1182 1264 1258 optare,
1291 1186 1330 1237 ut
1358 1163 1429 1236 Vir
1450 1185 1604 1253 fidigna,

177 1260 355 1347 summus,
381 1260 569 1329 Newttnur
598 1279 756 1327 mentem
784 1256 880 1333 suam
911 1258 1050 1355 aperire
1078 1258 1246 1358 dignetur
1273 1262 1315 1335 de
1332 1262 1426 1335 diffi«

106 1361 239 1435 euitare
265 1359 308 1433 ab
335 1355 615 1454 ingeniofiffrmo
648 1358 810 1429 Marione
846 1356 920 1453 ejus
957 1357 1120 1433 colorum
1158 1359 1305 1437 theoriae
1331 1361 1426 1457 obje-

106 1461 187 1535 aa.
215 1459 407 1531 Marianus
434 1454 569 1529 scilicet
598 1458 815 1545 contendit,
849 1458 970 1529 lumen
999 1458 1200 1533 coloratum
1229 1487 1290 1560 per
1317 1458 1425 1536 refra-

107 1559 265 1635 trionem
295 1560 332 1633 in
362 1557 531 1655 prismate
568 1555 715 1654 trigono
751 1556 880 1632 fabiam
921 1556 1133 1655 produbium
1163 1560 1292 1635 iterata
1319 1560 1427 1637 refra-

111 1658 226 1736 trione
248 1656 285 1733 in
313 1658 402 1731 alios
428 1658 566 1730 colores
590 1680 633 1727 ex
658 1679 760 1753 parte
788 1656 943 1745 mutari,
969 1660 1064 1757 quod
1084 1682 1203 1733 tamen
1224 1661 1258 1735 vi
1278 1659 1426 1736 theoriae

109 1763 337 1836 Newtonianae
362 1757 586 1833 immutabile
612 1757 679 1829 effe
708 1757 875 1831 debebat.
903 1760 998 1833 Cum
1029 1757 1099 1832 hac
1126 1760 1259 1861 legeret
1286 1767 1425 1835 Neon-

111 1888 179 1952 eus,
206 1858 462 1935 difficultatem
481 1855 637 1931 emedio
657 1855 855 1931 sublaturus
876 1858 1144 1956 experimenta,
1170 1861 1297 1960 quibus
1324 1861 1426 1935 theo-

110 1962 154 2035 ria
180 1959 290 2061 ipiius
318 1956 586 2047 confirmatur,
621 1954 722 2053 juxta
752 1957 961 2033 methodum
988 1957 1084 2035 suam
1115 1986 1175 2054 per
1202 1965 1232 2047 J.
1252 1963 1298 2033 T.
1318 1966 1426 2058 Desa·

106 2064 224 2158 galim
251 2114 261 2151 ,
288 2059 477 2139 Societatis
505 2057 626 2156 Regiae
653 2058 845 2149 Sodalem,
872 2084 992 2133 turam
1021 2057 1146 2132 illustri
1176 2058 1240 2133 hac
1267 2061 1425 2134 Societa-

109 2184 140 2235 te
165 2160 295 2237 iterari
316 2160 488 2247 curavit,
514 2157 576 2256 qui
603 2159 725 2232 eadem
754 2157 870 2256 postea
898 2185 1020 2232 coram
1049 2161 1248 2233 Monmerrio
1275 2161 1423 2261 aliisque

105 2254 309 2337 Academia
329 2257 705 2361 Regiae.Scientiarum
724 2259 838 2331 Sociis
857 2256 951 2332 felici
971 2286 1052 2335 cum
1081 2257 1231 2335 succeffu
1250 2262 1394 2360 repetiit
1413 2314 1423 2335 .

104 2363 188 2437 Inde
216 2384 391 2462 apparet,
422 2360 539 2435 radios
564 2358 710 2431 luminis
737 2361 803 2432 effe
832 2358 983 2435 omnino
1010 2362 1266 2460 heterogentos
1293 2365 1327 2433 ἃ
1358 2388 1423 2461 pro

104 2461 306 2537 diuersitate
334 2459 465 2534 coloris
491 2458 649 2533 diversos
674 2458 865 2532 admittere
901 2460 1211 2559 refrangibilitatis
1235 2485 1343 2560 atque
1368 2487 1422 2534 re·
1466 2504 1474 2522 ·

99 2559 337 2637 flexibilitatis
356 2559 504 2659 gradus,
531 2560 566 2628 δι
594 2559 732 2631 colotes
759 2585 841 2632 uere
869 2558 1074 2656 primitivos
1089 2587 1151 2655 per
1169 2558 1424 2653 refrabiionem

101 2661 140 2736 in
170 2662 262 2737 alios
290 2661 438 2733 minime
467 2655 599 2728 mutari
628 2657 750 2752 posse.
777 2654 891 2727 Ratio
919 2680 1041 2743 uero,
1068 2680 1130 2727 cur
1157 2661 1320 2728 Mariano
1349 2682 1424 2731 non

99 2758 306 2843 successerit
333 2756 641 2854 experimentum,
669 2752 741 2829 haec
769 2749 961 2840 redditur,
988 2753 1085 2850 quod
1113 2752 1251 2825 colores
1280 2781 1341 2855 per
1369 2779 1424 2827 re·

98 2858 319 2933 fractionem
349 2855 583 2955 inaptismate
608 2849 738 2925 fabiam
767 2851 959 2951 produbios
986 2848 1074 2925 falso
1094 2850 1257 2925 habuerit
1275 2880 1340 2952 pro
1355 2855 1425 2955 pri·

98 2958 265 3048 mitivis,
293 2981 463 3057 comper
491 2979 567 3027 eam
596 2951 686 3025 radii
715 2950 943 3047 heterogenei
972 2975 1046 3023 non
1074 2950 1217 3049 prorsus
1244 2953 1314 3026 ase
1330 2953 1425 3027 inui-

99 3083 177 3132 cern
206 3056 435 3156 separentur,
462 3077 569 3152 atque
596 3050 804 3125 methodum
836 3050 1060 3148 ignoraverit
1088 3076 1148 3124 eos
1175 3050 1424 3151 sufficientera
1467 3088 1499 3119 π

98 3155 309 3233 seinvicem
337 3155 540 3252 separandi.
568 3151 728 3225 Primum
750 3150 920 3223 nimirum
940 3150 1087 3226 eandem
1107 3149 1422 3251 publicauitNew-

100 3280 196 3332 tonus
223 3257 262 3332 in
291 3256 425 3355 Optica
454 3279 553 3355 prop.
571 3281 605 3340 4.
634 3251 692 3325 lib.
712 3253 747 3324 &
774 3253 993 3348 Desaguliers
1019 3250 1187 3344 testatur,
1214 3253 1421 3354 descriptio-

100 3384 177 3432 nem
196 3357 247 3432 ibi
277 3356 448 3445 traditam
478 3354 538 3426 sibi
566 3351 735 3443 suffecisse
763 3352 805 3425 ad
834 3352 1079 3449 experimenta
1098 3378 1178 3427 cum
1198 3350 1423 3427 succeffuca·

102 3458 240 3556 pienda.
268 3456 452 3563 Successus
469 3451 798 3551 experimentorum
819 3452 930 3524 clatet
946 3478 992 3547 cx,
1008 3451 1329 3529 Transadiionibus
1347 3459 1424 3526 An·

122 3559 242 3633 liranis
264 3558 369 3643 Anni
393 3564 497 3646 1716.
519 3552 579 3627 ubi
600 3555 712 3625 Num.
727 3557 804 3641 348.
826 3576 860 3649 p.-
876 3573 960 3644 435.
981 3552 1016 3623 dt
1035 3552 1067 3623 se
1096 3578 1129 3652 q.
1150 3553 1282 3652 singula
1302 3550 1424 3627 distin·

99 3584 149 3732 ire
165 3658 443 3746 describuntur,
470 3679 547 3755 qua
566 3677 687 3725 coram
706 3651 886 3727 Societate
903 3652 1021 3750 Regia
1049 3577 1093 3726 ad
1120 3674 1246 3725 nutum
1264 3649 1424 3726 Newroni

102 3756 262 3835 iteravit.
296 3762 376 3832 Nos
403 3781 518 3855 operar
546 3753 700 3852 pretium
722 3750 941 3849 judicamus,
971 3775 1009 3826 ut
1032 3751 1243 3827 methodum
1263 3752 1603 3860 separffl‘fflahn,

102 3858 133 3930 di
157 3888 176 3935 a
204 3861 238 3934 se
268 3859 427 3934 invicem
457 3858 714 3955 heterogeneos
741 3852 886 3927 luminis
913 3852 1100 3949 compofiti
1119 3854 1237 3929 radios
1255 3879 1299 3929 ex
1314 3853 1423 3955 Opti·
1474 3884 1555 3984 gig·
1572 3911 1602 3958 t.

102 3985 136 4033 ca
160 3964 396 4036 Newtoniane
425 3958 492 4031 huc
521 3954 822 4032 transcribamus.
860 3957 904 4027 ln
933 3955 1024 4027 Solis
1053 3956 1152 4029 radio
1181 3952 1422 4055 perparvum

101 4064 369 4164 rotundumque
398 4059 560 4133 foramen
586 4055 624 4128 in
654 4055 856 4129 cubiculum
884 4052 1146 4131 tenebricosum
1175 4056 1332 4130 immisso
1350 4056 1423 4126 lens

101 4163 181 4237 MN
211 4162 414 4239 intervallo
442 4158 586 4233 circiter
613 4156 735 4231 decem
763 4155 1058 4231 duodecimorum
1088 4158 1217 4255 pedum
1236 4184 1256 4232 a
1273 4150 1424 4228 fenestra

101 4262 287 4364 erigatur,
324 4289 394 4363 qua
419 4257 607 4333 foraminis
641 4256 763 4355 imago
791 4258 808 4330 I
838 4254 938 4354 super
967 4256 1096 4332 charta
1133 4257 1216 4330 albae
1245 4254 1424 4355 plagulam

101 4361 190 4443 ultra
216 4366 354 4439 lentem
384 4362 598 4435 collocatam
628 4354 793 4431 distincta
819 4356 1060 4458 depingatur.
1090 4355 1232 4429 Deinde
1262 4353 1427 4454 proxime

100 4461 172 4558 post
199 4465 339 4538 lentem
368 4465 454 4536 MN
485 4458 615 4556 prisma
644 4456 799 4537 vitreum
827 4459 930 4533 ΑΒΕ
958 4459 1235 4557 interponatur,
1273 4479 1346 4556 quo
1373 4453 1606 4542 lu·1’ag.233.

102 4586 178 4638 men
207 4563 404 4661 trajecium
444 4559 662 4660 refringatur
691 4561 733 4635 ab
762 4562 779 4634 I
807 4560 849 4634 ad
878 4560 986 4633 aliam
1013 4556 1173 4632 chartam
1197 4576 1270 4652 pt,
1305 4552 1425 4652 ibique
1572 4574 1574 4580 ·

102 4665 694 4765 rotunda·imagoIconvertatur
720 4660 760 4740 in
788 4661 984 4763 oblongam
1006 4679 1071 4771 pt.
1098 4655 1286 4736 Movenda
1306 4675 1426 4826 auppm

1329 4777 1347 4827 e

1619 318 1638 459 i
