3709 5434
366 277 1346 430 Etuotronum.3w

42 530 49 567 1
107 494 210 573 lavit.
237 499 442 573 cem-vero
467 494 669 585 accidisset,
698 518 734 567 ut
765 518 882 570 morte
911 498 1317 601 propinqui-cujusdam
1345 498 1421 601 opi·
1441 496 1605 643 querno.

108 622 194 672 nram
215 597 427 671 hereditatis
445 596 652 695 portionem
672 595 713 667 ad
732 593 764 667 se
783 598 989 674 devolutam
1009 624 1192 691 cerneret,
1219 604 1341 677 retulit
1361 603 1423 676 ite·
1447 601 1494 723 gn
1518 600 1605 723 ’Ἢ

107 723 178 771 rum
196 699 318 798 pedem
339 696 375 769 in
397 697 659 784 Germaniam,
685 693 801 769 &fibi
820 723 859 770 ac
879 700 992 772 Musrs
1011 700 1079 775 suis
1107 702 1273 799 deinceps
1302 704 1423 778 vivete
1468 662 1491 725 ι’
1508 666 1569 793 ΑΨ

106 800 278 875 decreuit.
304 797 372 871 Sed
392 822 464 871 non
484 794 546 872 diu
569 796 761 871 admodum
791 795 860 869 hoc
888 798 1033 875 literato
1060 803 1140 875 otio
1167 801 1240 874 frui
1270 807 1425 902 potuit,

43 914 46 929 ’
106 898 389 1000 quandoquidem
411 903 457 973 A.
483 908 585 990 1679.
606 898 822 997 Lugdunum
845 923 1034 986 evocatus,
1061 902 1094 971 81
1119 901 1328 976 Professoris
1344 904 1425 978 offi-

43 1002 45 1011 “
106 1000 158 1073 cio
178 1002 346 1081 admotus
372 995 441 1088 ess,
468 996 527 1070 ubi
557 998 676 1094 ptimo
702 994 821 1071 slatim
847 998 886 1071 in
908 1002 1140 1075 Academiam
1165 999 1319 1076 introitu
1347 1022 1422 1081 tam

102 1101 240 1201 egregie
258 1100 292 1172 se
310 1097 577 1171 commendauit
600 1097 789 1187 Patribus,
819 1100 1082 1197 othpensionem
1102 1102 1183 1174 huic
1204 1103 1344 1177 muneri
1371 1129 1424 1177 at·

102 1201 271 1281 tributam
289 1199 634 1299 quadringentorum
663 1195 885 1271 florenorum
913 1200 1109 1273 accessione
1138 1226 1332 1301 augerent.
1363 1206 1423 1278 Ad

100 1325 239 1375 exteros
263 1298 449 1398 aliquoties
484 1296 659 1372 invitatus
682 1296 759 1389 est,
795 1298 1032 1373 nihilominus
1060 1325 1180 1375 tamen
1207 1304 1422 1401 Lugdunum

99 1400 195 1475 luunt
214 1399 388 1488 Patauio,
416 1395 587 1503 Kiloniu,
613 1398 760 1501 aliisque
777 1396 885 1487 locis,
913 1426 986 1500 quo
1004 1403 1220 1490 uocabatur,
1249 1422 1420 1500 perpetuo

102 1498 270 1601 praetulit.
297 1503 370 1573 An.
387 1522 488 1590 1702.
509 1488 619 1571 titulo
639 1496 848 1597 Geographi
867 1501 1162 1599 Lugdunensis&
1181 1501 1335 1575 lautiore
1354 1502 1419 1574 ite·
1442 1484 1511 1567 ¹³⁸8·
1534 1502 1600 1561 ¹9¹·

103 1625 172 1675 tum
193 1594 373 1697 stipendio
393 1618 540 1672 ornatus
558 1597 625 1671 eli.
654 1601 697 1672 ln
717 1623 759 1670 eo
779 1597 850 1691 jam
880 1598 954 1691 ejus
982 1600 1152 1675 industria
1180 1600 1423 1691 versabatur,

105 1723 135 1776 ut
153 1699 329 1772 Tacitum
348 1697 557 1798 scriptorem
575 1697 821 1797 grauissimum
843 1699 954 1772 uariis
974 1702 1422 1776 adnotationibusaudlum

108 1801 136 1875 in
158 1800 279 1873 lucem
307 1796 522 1889 emitteret,
548 1822 629 1871 cum
654 1796 769 1873 fatum
798 1796 1036 1873 interueniret
1065 1803 1219 1896 coeptis,
1247 1804 1281 1873 dc
1310 1800 1422 1877 liliam

111 1901 167 1999 ejus
195 1918 288 1974 natu
317 1897 529 1988 minimam,
556 1922 661 1998 quam
690 1897 826 1971 eximio
855 1924 978 1973 amore
1005 1900 1205 2000 diligebat,
1234 1900 1422 1997 inopinata

104 2020 205 2075 morte
224 1997 480 2110 extingueret.
508 2001 593 2091 Qua
614 1997 805 2073 domestica
828 2000 926 2072 clade
945 1999 995 2072 ita
1016 2026 1139 2098 patens
1157 2001 1357 2099 perculsus,
1386 2004 1422 2075 81

102 2099 185 2200 quast
204 2120 311 2173 extra
330 2100 364 2171 le
393 2097 522 2198 positus
549 2096 641 2189 fuit,
670 2120 707 2172 ut
736 2098 794 2171 die
811 2100 907 2173 XXI.
937 2100 1090 2174 Odlobr.
1110 2100 1280 2200 praeteriti
1307 2102 1422 2191 anni,

104 2198 279 2302 postquam
308 2196 473 2272 undecim
502 2198 576 2272 dies
601 2198 735 2272 ledlulo
763 2197 862 2271 satali
890 2198 1026 2273 adfixus
1053 2203 1288 2289 decubuerat,
1316 2199 1422 2274 fimili

103 2299 205 2375 modo
223 2325 270 2373 ex
288 2297 353 2373 hac
371 2297 448 2373 vita
466 2298 678 2399 emigraret.
708 2299 818 2371 Alter
835 2296 1018 2390 liliorum,
1046 2326 1135 2401 quos
1154 2300 1322 2399 reliquit,
1349 2299 1420 2373 arti

102 2399 261 2491 medicat,
290 2420 378 2473 natu
396 2422 487 2473 uero
506 2400 676 2473 minimus
691 2395 779 2496 juris
797 2397 1287 2501 scientiae&elegantioribus
1308 2400 1420 2474 literis

102 2499 252 2575 studium
271 2498 372 2572 suum
392 2498 552 2574 addixit.
580 2498 755 2571 Ceterum
775 2500 990 2572 Gronovius
1008 2526 1080 2571 non
1100 2501 1292 2574 admodum
1313 2502 1421 2600 placi·¹

42 2592 44 2649 3
102 2598 166 2693 do,
191 2598 250 2675 sed
270 2598 451 2697 paululum
471 2598 652 2670 acerbiore
678 2595 825 2694 ingenio
852 2595 944 2684 fuit,
970 2598 1067 2693 quod
1095 2599 1261 2690 inprimis
1278 2622 1422 2672 contro·

42 2718 43 2725 ’
99 2699 240 2789 vetsrac,
266 2722 343 2796 quae
361 2694 424 2790 ipfi
446 2718 526 2767 cum
545 2695 711 2781 Fellero,
742 2692 957 2781 Perizonio,
984 2692 1028 2764 Is.
1047 2694 1196 2784 Vossro,
1223 2695 1422 2785 Fabtetto,

97 2797 324 2886 Blaneardo,
352 2794 521 2883 Clerico,
548 2789 698 2865 llustero
717 2789 865 2889 aliisque
883 2791 1177 2889 intercesserunt,
1202 2791 1285 2865 satis
1306 2791 1423 2891 supet-

97 2924 169 2999 que
197 2893 399 2970 testantut.
425 2892 675 2991 Scriptorum,
703 2888 829 2988 quibus
856 2888 1045 2979 inclaruit,
1072 2891 1171 2988 larga
1198 2892 1311 2965 mellis
1337 2890 1384 2965 est
1412 2945 1423 2984 ,

124 2997 271 3069 uoniam
291 3014 383 3067 vero
400 2991 591 3066 maximam
614 3010 750 3085 partem
770 2987 808 3073 in
828 2986 882 3059 bis
899 2987 1004 3061 Astis
1023 2986 1150 3060 nolitis
1169 2991 1424 3083 recensentur,

97 3023 155 3171 iila
171 3095 297 3169 saltem
319 3091 555 3166 bicindicalse
565 3087 732 3162 sufficiet.
763 3084 1023 3160 Ediditautem
1042 3090 1324 3178 r)Macrobium
1343 3116 1427 3166 cum

101 3196 183 3286 luis,
214 3191 392 3281 Pontani,
419 3191 455 3263 81
475 3188 626 3262 Meursi
646 3184 988 3279 obseruationibus,
1015 3187 1181 3288 Lugduni
1207 3198 1310 3282 1670.
1329 3192 1364 3264 in
1390 3199 1421 3265 8.

102 3292 533 3384 &Londin.1694.ll.2)
563 3286 752 3380 Polybium
781 3312 859 3360 cum
890 3285 960 3361 suis
986 3288 1021 3360 dt
1051 3288 1198 3364 ineditis
1217 3290 1424 3364 Casauboni

103 3396 305 3496 utriusque,
330 3388 554 3488 Valestique,
581 3389 616 3459 81
642 3386 811 3484 Palmerii
832 3387 957 3476 notis,
986 3386 1098 3462 Amst.
1124 3398 1225 3481 1670.
1253 3391 1322 3463 111.
1351 3392 1426 3466 vol.

105 3494 138 3568 in
154 3502 183 3568 8.
204 3502 256 3591 3,)ι
275 3491 425 3567 Cornel.
451 3489 624 3563 Tacitum
653 3509 734 3559 curn
763 3485 949 3560 uariorum
975 3487 1283 3579 Commentariis,
1312 3487 1425 3562 Amst.

109 3604 202 3690 1673.
219 3598 255 3668 81
276 3593 398 3667 denuo
419 3595 486 3663 168
495 3610 524 3681 ς.
543 3588 592 3662 11.
611 3587 826 3676 uolumrg)
851 3584 1106 3684 Supplementa
1131 3588 1357 3663 Lacunarum
1385 3588 1426 3663 io

105 3699 199 3769 AEnea
216 3694 400 3784 Tasiico,
425 3689 573 3778 Dione,
599 3688 636 3762 ur
656 3684 818 3775 Atiano,
845 3684 1167 3784 Lugd.Bat.1675.
1187 3688 1223 3760 in
1243 3696 1274 3762 8.
1289 3712 1304 3783 ς
1319 3688 1423 3778 )Tit.

105 3794 239 3870 Liuium
263 3792 382 3870 Amst.
405 3801 509 3885 1679.
530 3797 640 3877 86)
668 3784 839 3885 Stephani
866 3785 1063 3877 Byzantini
1091 3789 1352 3888 Fragmentum
1380 3791 1425 3864 de
1490 3800 1494 3811 '

103 3895 252 3975 Dodone
265 3889 588 3970 exercitationibus
599 3885 825 3964 Academicis
835 3884 1070 3978 illustratum,
1099 3889 1303 3987 LugdBar.
1320 3897 1425 3963 1681.

103 4020 131 4086 4.
147 4007 197 4091 7)
225 3994 388 4072 Henrici
406 3989 536 4068 Valesri
560 3992 679 4065 Notas
695 3986 733 4061 in
751 3987 1081 4087 Harpocrationem
1096 3990 1296 4089 Lugd.Bat.
1321 3996 1425 4064 1682.

106 4104 168 4186 4.8
185 4107 200 4188 )
218 4100 396 4173 Senecam
415 4092 615 4195 Tragicum
633 4086 747 4165 Anu.
771 4096 873 4161 1682.
896 4092 927 4161 8.
948 4116 968 4180 9
987 4096 1002 4177 )
1027 4088 1318 4164 Exercitationes
1334 4095 1428 4164 Aca·

107 4196 254 4274 demicas
269 4201 313 4275 de
335 4194 499 4272 Pernicie
516 4196 551 4267 dc
568 4190 648 4269 casu
675 4187 790 4279 Iudae,
817 4186 931 4289 Lugd.
957 4190 1163 4283 81111683.
1182 4217 1215 4280 4.
1240 4197 1312 4278 ro)
1341 4188 1428 4284 Epi·
1556 4286 1562 4291 .

108 4294 259 4393 dietum,
285 4294 421 4399 Delph.
437 4302 503 4369 168
510 4324 540 4389 3.
553 4300 638 4367 8.tr
659 4301 674 4383 )
699 4292 823 4391 Pomp.
845 4289 985 4364 Melam
1004 4314 1084 4364 cum
1096 4287 1287 4385 Excetptis
1305 4313 1350 4362 ex
1369 4291 1428 4375 Ju-

107 4394 154 4470 lio
168 4399 363 4489 Honorio,
390 4400 424 4470 oc
446 4394 578 4470 AEthici
595 4387 910 4493 Cosmograplria,
936 4390 1049 4492 Lugd.
1069 4394 1148 4464 Bat.
1174 4394 1277 4480 1685.
1298 4395 1329 4459 8.
1353 4396 1427 4475 ta)

105 4493 384 4575 Dissertationes
401 4496 443 4572 de
462 4495 618 4598 Origine
640 4487 823 4581 Romuli,
849 4490 962 4592 Lugd.
981 4495 1059 4566 Bar.
1083 4495 1186 4578 1684.
1208 4494 1239 4560 8.
1260 4496 1335 4582 13)
1354 4490 1427 4560 Re·
1462 4539 1474 4553 .

109 4592 324 4692 sponsionem
343 4598 385 4672 ad
402 4596 664 4672 cavillationes
681 4589 866 4681 Fabtetti,
890 4590 1004 4693 Lugd.
1023 4595 1102 4666 Bat.
1128 4594 1229 4678 1684.
1250 4594 1281 4660 8.
1299 4585 1428 4687 quibus

110 4692 271 4807 Fabtetti
297 4695 386 4805 lidio
412 4696 565 4804 Jalithaei
591 4693 739 4803 nomine
764 4693 997 4869 Apologema
1024 4689 1067 4772 ad
1096 4687 1361 4775 Gronovium,
1388 4684 1428 4774 in

821 4793 886 4884 Bb
1289 4785 1381 4887 ejusq

896 4890 898 4893 .
910 4888 917 4893 .
968 4882 992 4891 »4
