3709 5434
386 111 1357 223 Enuurronum.2&

137 360 172 413 tu
187 329 602 430 totijjrjlemariimpreffa,
627 332 786 429 angulum
803 330 1038 404 turbinationir
1062 331 1438 432 macer'eeutndemsem-
1457 357 1619 422 ruffina,

45 462 47 504 τ
131 460 205 536 per,
231 431 489 504 &velocitatem
496 433 702 527 fingentum
719 453 887 527 corporum
898 432 973 523 fure
984 432 1179 528 equabilem
1204 442 1360 522 (remora
1371 438 1438 531 sti-
1462 444 1618 530 Art-1715·

134 539 203 610 licet
220 534 303 604 aeris
319 531 532 621 refijlentia)
560 528 604 600 (Υ
616 522 692 629 sair
716 532 758 604 ab
776 558 838 602 aare
856 533 1095 607 meditationis
1121 533 1290 621 distantiis
1302 555 1438 632 propor-
1458 518 1505 582 Μ·
1526 519 1618 592 l²¹¹¹¹¹·

132 635 298 710 riualem.
1261 643 1264 656 '

180 733 296 829 Hujus
316 731 368 806 rei
389 732 483 808 ratio
500 726 692 832 unicuique
710 728 891 808 manifesta
910 736 1055 825 evadet,
1082 734 1310 810 ficonfideret
1330 737 1443 814 radias
1516 787 1524 798 -

131 861 148 910 a
169 835 304 905 vertice
324 832 579 908 turbinationis
597 836 639 908 ad
656 832 789 932 singula
809 858 960 946 corpora
979 833 1197 909 turbinantia
1223 837 1346 910 ducite
1365 863 1443 912 tan·
1492 827 1498 844 ’

132 959 234 1035 quam
255 930 409 1006 totidem
427 932 537 1007 vetris
553 930 741 1030 composui
760 930 925 1022 brachia,
952 959 1027 1033 quae
1048 931 1445 1011 interseconnenasunt

130 1031 255 1131 inipso
287 1032 420 1105 vertice
447 1031 720 1120 turbinationis,
750 1034 1030 1133 unumquodque
1057 1057 1144 1106 uero
1170 1033 1443 1111 inexrremitate

131 1132 192 1206 sua
219 1155 393 1206 annexum
414 1128 540 1206 lrabeat
558 1155 709 1231 corpur,
734 1131 832 1231 quod
844 1131 977 1205 duabus
988 1133 1159 1231 potentiis
1186 1133 1367 1208 brachium
1387 1161 1444 1210 ur-

131 1255 193 1332 get
221 1257 290 1304 una
311 1229 472 1304 verticuli
500 1258 576 1331 qua
593 1230 766 1330 dependet
794 1231 931 1327 abipso
957 1230 1031 1325 ejus
1059 1236 1235 1329 pondere,
1260 1233 1444 1308 alceraho-

135 1329 326 1419 rizontali,
354 1356 460 1430 quam
490 1330 644 1429 acquirit
671 1330 766 1403 inter
794 1330 1050 1405 turbinandum
1077 1358 1098 1404 a
1123 1354 1255 1405 conatu
1283 1329 1446 1406 receden·
1553 1333 1556 1337 ’

131 1429 164 1503 di
191 1430 321 1502 abarce
348 1430 628 1518 turbinationis,
655 1430 690 1501 δι
709 1456 786 1528 quae
803 1452 955 1503 vocatur
980 1429 1038 1506 vis
1052 1431 1281 1530 centriluga.
1309 1431 1467 1532 Quodli,

133 1529 248 1629 itaque
278 1553 465 1602 momenta
500 1529 622 1612 omnia
649 1528 785 1604 vitium
811 1528 975 1604 deorsum
1010 1529 1230 1605 trahentium
1265 1555 1448 1630 aquentuc

136 1628 328 1702 momentis
356 1627 522 1703 omnibus
539 1628 672 1702 uirium
700 1629 897 1702 extrorsum
909 1630 1127 1718 nitentium,
1154 1653 1254 1729 patet
1297 1634 1449 1705 uandam

137 1751 214 1801 tunc
231 1729 302 1801 else
322 1727 473 1828 speciem
502 1728 691 1829 aequilibrii
712 1727 750 1802 in
761 1749 842 1801 toto
859 1727 1044 1821 systemate
1053 1754 1246 1828 corporum
1265 1655 1364 1803 limul
1377 1754 1451 1803 tur·

141 1826 359 1919 binantiuur,
386 1831 486 1904 itaut
504 1855 610 1928 quem
623 1831 708 1903 tun‘t
725 1827 811 1901 facit
828 1828 998 1928 angulum
1012 1827 1124 1903 Linea
1143 1830 1260 1902 centri
1275 1853 1357 1904 cum
1368 1835 1449 1904 Axe

142 1926 416 2019 turbinationis,
442 1928 536 2006 hunc
555 1927 670 2029 postea
689 1927 805 2002 servet
823 1928 1020 2018 continua,
1046 1935 1187 2003 maneat'
1215 1951 1257 2003 ue
1275 1929 1450 2003 velocitas

139 2024 324 2101 uniformis
344 2028 381 2102 in
401 2028 544 2128 singulis
561 2027 758 2121 systematis
776 2027 937 2126 pundlis,
964 2028 1029 2103 nist
1041 2054 1086 2101 ea
1107 2030 1165 2100 vel
1234 2053 1314 2102 tere
1333 2029 1390 2102 v'el
1407 2031 1451 2102 ab

135 2124 207 2199 aliis
222 2126 496 2228 impedimentis
513 2127 692 2220 externis,
718 2127 881 2228 aquibus
901 2135 1026 2202 autem
1039 2125 1305 2217 mutabimus,
1333 2130 1452 2202 turde-

120 2247 208 2312 ⁴tur3
237 2253 316 2328 quo
333 2227 411 2327 ipso
431 2227 674 2330 tronamplius
700 2226 824 2304 circuli
838 2225 1088 2304 horizontalee.
1106 2226 1379 2324 apundiisdllis
1393 2227 1452 2303 de·

132 2324 398 2421 scriberentur,
414 2329 471 2404 sed
483 2329 688 2412 aliaecurvae
704 2328 914 2426 irregulares
931 2326 1104 2402 &nonin
1116 2327 1229 2425 planis
1245 2326 1451 2418 existento,

128 2424 231 2500 ficuti
251 2428 452 2525 periculum
472 2428 622 2506 facienti
648 2425 952 2504 saeisconltabit:
1019 2435 1024 2444 '
1076 2437 1085 2446 '
1139 2483 1145 2492 .

176 2529 270 2617 Quo
291 2527 410 2624 major
429 2526 608 2612 autemest
627 2526 799 2599 velocitas
816 2521 1012 2624 lyllematis
1027 2527 1087 2598 leu
1109 2525 1252 2621 penduli
1270 2526 1455 2598 turbinan·

123 2623 170 2696 ris
193 2627 268 2696 live
289 2626 332 2696 lit
354 2626 499 2725 [impleat
526 2623 598 2694 srue
615 2621 878 2734 compositum,
904 2622 1016 2730 liquet
1037 2643 1139 2698 tanto
1156 2619 1264 2690 etiam
1284 2621 1457 2714 majorem

123 2750 163 2793 re
198 2722 272 2793 uiri
297 2723 469 2819 angulum
491 2718 772 2801 turbinatronrs3
799 2741 880 2790 cum
898 2741 994 2801 enrm
1016 2718 1109 2790 virts
1125 2715 1459 2791 horizontalescen·

123 2748 278 2918 trilugae
301 2820 494 2912 hocmodo
513 2839 733 2922 augeantur,
760 2814 974 2904 necell'eell,
1001 2816 1043 2890 ad
1060 2814 1339 2912 conservandum
1352 2818 1459 2915 aqui-

119 2909 305 3008 librium',
336 2944 376 2992 ut
395 2920 493 2991 limul
513 2918 620 2989 eriam
641 2914 797 2988 crescant
814 2935 997 3012 momenta
1018 2909 1215 3015 ponderum
1242 2911 1301 2988 seu
1321 2916 1457 3008 virium

122 3019 367 3092 verticalium
389 3072 400 3109 ,
429 3017 464 3090 id
479 3017 574 3117 quod
596 3011 817 3115 fierinequit
836 3011 900 3087 nili
918 3016 1052 3112 abee
1071 3009 1328 3092 turbinationis
1344 3003 1458 3118 magis

128 3121 304 3194 recedant
318 3116 512 3219 magisque
531 3113 620 3191 adeo
637 3114 787 3215 angulus
804 3112 863 3188 ille
881 3111 1092 3214 amplietur.

573 3285 919 3356 HYPOTHES'IS
971 3281 1030 3354 ΙΙ.
1084 3303 1088 3310 ’
1337 3291 1341 3300 “
1438 3290 1639 3376 :lag-247·

183 3430 222 3496 Si
234 3423 429 3523 pendulum
447 3450 464 3495 e
482 3417 637 3518 pluribus
658 3397 862 3515 ponderibus
881 3415 1102 3511 compofitum'
1115 3419 1332 3507 turbinetur,
1355 3415 1405 3496 itu
1424 3437 1462 3490 ut

125 3523 262 3621 singula
279 3529 360 3616 ejus
372 3519 497 3620 puella
518 3519 706 3616 describant
722 3511 863 3588 circulos
880 3515 1119 3608 horizontales,
1146 3517 1207 3606 effe
1224 3517 1365 3609 aliquod
1379 3518 1462 3590 Pen-

132 3627 245 3697 dudum
256 3625 445 3721 simplex,
472 3622 560 3719 quad
585 3639 673 3691 matu
691 3616 801 3689 cadica
823 3614 978 3713 gyrando
1005 3614 1166 3686 circuitus
1195 3616 1345 3700 minimos
1355 3615 1463 3706 faciet

130 3729 238 3798 endem
268 3745 425 3822 tempore
452 3747 525 3793 cum
552 3716 739 3816 compostto.
1130 3795 1134 3804 Ι

178 3833 236 3902 Ex
249 3815 763 3933 Demonstratisl-Iugenianis
780 3813 893 3913 palam
909 3814 979 3907 eli,
1007 3839 1167 3914 tempora
1186 3816 1460 3902 circulationum

131 3930 193 4000 else
213 3926 251 4000 in
267 3924 363 3999 subd
372 3920 527 4019 uplicata
546 3939 687 3998 tattone
707 3911 944 3990 altitudinum
962 3941 1157 4005 concrum,
1184 3918 1464 4015 quorumlupen·

132 4026 226 4104 ficies
246 4021 466 4100 describunt
479 4015 628 4118 pendula
638 4013 807 4115 srtnplicia
813 4040 828 4108 5
847 4014 959 4115 potest
976 4024 1062 4114 trg'o
1081 4014 1281 4100 abbreviari
1300 4015 1464 4104 pelelon‘·

130 4127 206 4228 gari
224 4123 437 4226 longitudo
456 4111 599 4217 penduli
619 4113 785 4213 limplicis
804 4166 816 4203 ,
843 4139 918 4213 quat
937 4111 984 4186 ell
1001 4113 1073 4212 ipsa
1091 4113 1247 4188 altitudo
1265 4108 1464 4207 superficiei

131 4229 265 4302 conicae
286 4219 506 4302 acutiffimae
522 4215 686 4292 faciendo
707 4213 877 4286 circuitus
893 4211 1063 4285 minimos
1078 4211 1261 4308 descripta
1279 4261 1290 4297 ,
1310 4223 1357 4280 'ut
1377 4232 1465 4282 tem·

134 4355 194 4427 pus
213 4320 481 4402 circulationis
499 4315 539 4390 lit
566 4316 625 4389 vel
641 4316 725 4388 dato
737 4311 1027 4412 quolibetminus
1055 4312 1207 4385 ueldato
1220 4306 1379 4406 quolibet
1394 4334 1465 4381 ma·

133 4430 206 4523 jus,
235 4426 311 4500 hoc.
324 4419 378 4495 est
391 4425 409 4510 ,’
431 4418 527 4512 urin
545 4412 728 4490 infinitum
749 4411 935 4508 velminui
962 4410 1151 4508 velaugeri
1165 4403 1465 4505 poffituideeque

134 4521 344 4605 necessario
362 4516 677 4616 dabitur'aliquod
695 4509 884 4612 pendulum
904 4510 1171 4679 limplexbguod
1189 4506 1273 4580 dato
1291 4504 1462 4601 compost·

177 4685 181 4692 .
232 4633 339 4703 Tam.
361 4626 400 4697 V.
456 4687 459 4691 .
981 4693 986 4700 ‚
1101 4633 1124 4679 n
1373 4626 1412 4676 tu
