3709 5434
136 1837 181 1913 ln
200 1836 306 1937 hujus
326 1844 397 1919 ima
416 1873 536 1947 parte,
555 1859 681 1935 relillo
700 1863 797 1941 abasr
816 1874 920 1949 unius
939 1877 1084 1958 circiter
1102 1888 1207 1993 digiti
1228 1898 1248 1972 s
1268 1906 1407 1988 atioin-

93 1953 209 2035 tegro,
235 1962 346 2018 torno
360 1947 578 2050 insculpatur
596 1959 778 2055 circulatis
787 1974 921 2051 cavitas
936 2004 1090 2078 quatuor
1102 1989 1234 2092 digitos
1244 1928 1355 2106 longa
1366 2012 1403 2084 &

89 2032 168 2109 duas
185 2037 333 2116 circiter
350 2046 462 2121 lineas
479 2053 674 2153 profunda,
701 2063 805 2141 itaut
822 2070 860 2145 in
881 2073 924 2150 lta
1085 2084 1094 2100 ’

927 2103 945 2150 c
964 2105 1065 2180 parte
1082 2093 1314 2179 imminutum
1340 2108 1402 2185 stu

88 2131 263 2212 minorem
284 2144 484 2237 cylindrum
504 2153 687 2234 exhibeat.

132 2236 455 2343 Incylindriltujus
472 2251 659 2343 imminuti
678 2283 827 2381 utraque
846 2274 1080 2357 extremitate
1098 2286 1216 2370 denuo
1225 2290 1398 2384 cavitates

87 2332 271 2413 circulares
287 2365 396 2419 torno
415 2345 525 2442 siant,
543 2381 693 2454 quarum
713 2362 867 2446 latitudo
884 2375 1091 2477 litquatuor
1105 2388 1276 2489 linearum
1287 2456 1299 2493 ,
1316 2430 1397 2502 pro·

82 2431 233 2513 funditas
250 2467 338 2516 vero
356 2445 524 2523 duarum.
553 2458 595 2529 In
616 2462 736 2535 medio
754 2465 907 2561 ejusdem
919 2480 1073 2564 cylindri
1089 2483 1273 2570 imminuti
1285 2524 1395 2578 torno

83 2557 270 2613 excavetur
288 2540 414 2619 itidem
434 2546 607 2627 circulare
624 2556 777 2655 spatium
795 2568 953 2667 quinque
969 2575 1079 2649 lineas
1098 2584 1209 2661 latum
1220 2641 1232 2679 ,
1253 2596 1295 2667 'dt
1311 2599 1396 2673 duas

74 2635 309 2730 profundum.

123 2739 207 2812 Hoc
217 2738 269 2814 ita
290 2765 416 2840 parato
427 2749 574 2822 *corium
594 2752 787 2833 vitulinum
806 2760 896 2838 bene
906 2792 1138 2867 praeparatum
1158 2779 1267 2860 instar
1282 2789 1395 2870 fascia
1415 2778 1421 2787 ⁸

72 2831 277 2931 scindatur,
306 2865 345 2915 ut
374 2844 448 2941 ejus
476 2848 630 2925 latitudo
651 2859 792 2955 aequalis
818 2861 859 2934 stt
886 2866 1106 2967 longitudini
1123 2881 1275 2973 cylindri
1302 2890 1393 2968 dial

71 2930 282 3029 imminuti,
308 2940 501 3045 longitudo
521 2971 639 3025 aurem
659 2979 699 3028 ea
720 2956 779 3046 stt,
809 2982 847 3033 ut
864 2965 1160 3052 circumferentia
1176 2984 1325 3062 modioli
1336 2991 1390 3067 in·

69 3052 179 3109 ternae
196 3037 385 3137 &insuper
404 3044 649 3146 tributdigitis
667 3053 894 3151 respondeat.
923 3068 990 3138 Per
1007 3074 1097 3145 corii
1116 3075 1220 3176 hujus
1239 3110 1387 3190 utraque
1408 3120 1479 3209 pag,
1498 3149 1584 3215 3¹5··

71 3129 179 3209 latera
206 3134 372 3235 longiora
398 3140 437 3214 io
463 3147 692 3223 extremitate
718 3151 1023 3241 filumrobullius
1047 3176 1154 3271 paulo
1189 3180 1224 3253 δι
1250 3183 1388 3268 intera·

75 3252 146 3305 tum
174 3233 311 3335 exiguis
336 3237 534 3316 intervallis
561 3271 627 3321 acu
653 3252 832 3330 mediante
860 3260 1081 3361 trajiciatur,
1110 3275 1218 3349 itaut
1244 3287 1385 3380 quodli-

75 3328 128 3404 bet
153 3332 246 3408 latus
272 3337 414 3438 longius
441 3363 561 3416 totum
588 3345 627 3421 in
650 3349 842 3447 plicatum
868 3360 1036 3438 minimas
1063 3396 1130 3469 pro
1155 3374 1272 3453 lubitu
1300 3408 1384 3461 con·

72 3429 158 3505 trahi
186 3434 313 3534 poffit.
1209 3542 1210 3545 ,

118 3533 259 3611 Notata
284 3538 322 3613 in
349 3541 452 3616 corio
478 3543 541 3619 illa
567 3544 814 3647 longitudine,
841 3583 917 3672 quae
934 3559 1227 3655 circumferentia
1244 3582 1383 3664 modio-
1439 3653 1441 3657 .

74 3627 99 3702 li
121 3630 272 3712 interno
300 3639 510 3739 respondet,
537 3647 648 3720 latera
675 3650 748 3747 ejus
765 3654 928 3756 longiora
955 3662 1009 3739 fili
1038 3668 1178 3767 trajedli
1207 3675 1381 3760 beneficio
1436 3726 1438 3730 ·

72 3727 108 3804 in
124 3732 314 3831 plicatutas
330 3739 498 3829 minimas
524 3744 562 3818 in
581 3770 722 3824 tantum
740 3755 1057 3860 constringantur,
1086 3791 1124 3843 ut
1135 3824 1146 3862 ,
1174 3773 1197 3848 st
1216 3779 1382 3871 cylindro

69 3826 259 3913 imminuto
278 3838 521 3919 circumdetur
536 3846 698 3938 corium,
725 3854 898 3931 cavitates
914 3861 1382 3959 illascircularesextremao

73 3930 216 4023 cylindri
230 3936 419 4015 imminuti
438 3944 557 4043 enable
578 3946 724 4049 cingant
744 4005 755 4042 ,
783 3955 895 4061 latera
914 3967 1005 4036 veto
1023 3969 1113 4042 corii
1134 3971 1298 4051 breuiora
1319 3980 1383 4054 srbi

71 4025 217 4112 invicem
234 4038 289 4115 ita
307 4040 515 4120 incumbant
532 4101 543 4137 ,
571 4073 610 4121 ut
627 4050 738 4126 altera
767 4059 973 4134 extremitas
990 4075 1127 4142 notam
1142 4072 1382 4172 longitudinis

71 4129 359 4219 circumferentiae
377 4142 518 4220 distant.
536 4144 611 4221 sere
628 4151 811 4250 attingat.
848 4156 916 4231 Illa
935 4185 1024 4236 vero
1042 4169 1131 4241 corii
1150 4169 1378 4272 superficies,

68 4226 175 4334 inqua
185 4239 251 4340 pili
272 4238 466 4336 raserunt,
493 4245 655 4344 respiciat
675 4252 879 4344 cylindrum
897 4259 1175 4343 circumdatum.

111 4338 192 4413 Hoc
209 4339 310 4417 fallo
328 4342 468 4419 corium
488 4345 655 4449 utrinque
673 4351 823 4427 caritati
850 4356 1015 4436 circulari
1035 4365 1188 4457 cylindri
1207 4368 1377 4449 imminu-

68 4431 95 4505 ti
111 4439 290 4517 mediante
307 4438 371 4517 filo
388 4444 541 4545 plicato,
558 4449 656 4547 quali
673 4449 810 4530 sutores
822 4479 994 4552 utuntur,
1020 4463 1208 4562 aliquoties
1228 4471 1377 4548 circum·

69 4537 188 4613 voluto
217 4541 384 4644 nodoque
403 4534 618 4622 sufficienter
646 4551 789 4626 munito
815 4550 1010 4652 firmetur,
1037 4567 1198 4640 cavendo
1225 4591 1377 4664 tamen,

66 4659 104 4715 ue
119 4638 224 4715 nimir
243 4641 366 4725 crebra
383 4642 706 4756 fittumvolutione
723 4648 826 4733 filum
842 4658 1127 4833 ιΙὶηιειιιιιᾱιιὸὶιιιιι
1148 4667 1239 4842 ιιίιὲι
1255 4669 1375 4781 suptr-¹

147 4744 241 4819 Ten.
268 4747 305 4822 V.
904 4782 962 4836 un
1197 4852 1202 4864 ¹
1233 4792 1323 4845 crem
