3709 5434
514 197 626 335 498
906 194 955 295 A
1033 224 1180 329 cur
1264 222 1298 292 n

259 430 423 496 'AelErutl
445 417 700 490 nonneminem
726 412 786 487 eui
808 438 875 512 ego
893 407 1019 483 videar
1033 407 1131 511 quafi
1148 405 1348 483 solutionee
1364 426 1458 482 aneas
1484 406 1637 481 etruria
1657 408 1769 505 suspe'·

259 515 318 575 dtr·
341 513 424 585 ¹7¹9»
443 517 519 590 slas
538 518 686 589 vivente
705 518 832 589 Fratre
851 536 932 585 meo
950 514 1054 584 edere
1072 537 1144 582 non
1163 512 1263 582 ausus
1282 507 1434 599 fuerim,
1458 508 1604 583 credidi
1622 511 1769 589 enosltt

259 585 305 653 Μ’
326 592 391 665 lm·
442 644 479 691 re
496 606 680 703 futurum,
709 614 730 687 st
753 614 844 687 male
864 612 1049 685 fundatam
1070 610 1168 683 illam
1189 612 1223 682 ἃ
1237 612 1383 686 candori
1403 634 1483 683 meo
1502 609 1633 683 minus
1650 610 1767 686 saten-

439 743 512 790 tem
533 715 765 814 suspicionem
786 736 1012 814 quantocyus
1028 713 1218 801 amoliter,
1242 724 1355 812 quam*
1371 728 1465 784 nune
1486 732 1550 803 per
1570 730 1617 784 ea
1638 732 1715 812 qua
1732 712 1764 790 iu

442 810 748 918 prasatahillo'ria
767 814 944 889 habentur
969 810 1109 911 penitus
1135 808 1309 885 sublatam
1328 810 1459 908 spero:
1484 813 1663 885 Tametfi
1692 822 1763 914 pra·

437 942 536 993 terea
563 940 635 990 non
655 930 774 1014 putens
806 936 862 985 me
888 913 1054 1012 cuiquam
1082 937 1154 987 tam
1176 912 1406 988 malesanum
1433 906 1553 986 uideri
1573 912 1704 1008 posse,
1727 939 1759 989 ut

434 1016 606 1116 scriptum
635 1036 753 1089 meunt
782 1014 914 1112 inquo
933 1015 1086 1113 aliquem
1114 1032 1273 1086 errorem
1297 1015 1368 1086 effe
1391 1014 1679 1113 cognovissem,
1711 1017 1756 1088 tel

434 1120 530 1219 quod
546 1117 669 1191 saltem
689 1114 820 1189 erroris
836 1114 1034 1214 suspeslum
1056 1113 1269 1204 habuissem,
1289 1115 1451 1187 inlucem
1474 1116 1751 1211 protruderere·

436 1218 529 1294 ritus
547 1240 617 1293 non
637 1214 790 1304 fuerim,
817 1240 896 1287 cum
922 1214 961 1288 stt
981 1216 1025 1288 ab
1044 1215 1146 1288 ont'ni
1164 1213 1305 1287 ratione
1325 1213 1618 1305 alienissimum,
1645 1217 1753 1317 utquit

435 1318 531 1395 suam
551 1342 658 1423 quant
678 1314 781 1394 videt
807 1313 1061 1393 infirmitatem
1087 1336 1266 1418 quamque
1286 1338 1408 1420 tegere
1424 1314 1539 1416 posset
1560 1314 1689 1418 sponte
1702 1343 1749 1421 pt·

437 1417 602 1496 resacint.
1443 1460 1447 1467 ·

486 1520 640 1596 Interim
660 1516 783 1599 amica
799 1516 1042 1594 admonitioni
1059 1516 1178 1593 lotum
1194 1515 1322 1592 cedens
1348 1540 1533 1616 promote
1555 1538 1658 1610 tneo,
1677 1517 1741 1593 ani·

434 1634 533 1696 motu
555 1621 718 1722 protinus
735 1619 890 1718 applicui
918 1619 961 1697 ad
980 1619 1198 1693 solutionum
1227 1615 1473 1709 revisione‘m,
1500 1640 1616 1719 atque
1639 1615 1735 1693 onnia

432 1722 566 1797 dudum
583 1722 731 1822 seposita
748 1744 913 1797 accurate
933 1718 1049 1793 rursus
1069 1721 1285 1797 excutiendo
1304 1720 1347 1793 ad
1364 1718 1479 1791 severi
1497 1720 1734 1795 examinittru·

433 1821 547 1909 tinam
569 1823 759 1905 revocavi.
787 1824 874 1912 Quo
889 1821 1024 1897 saslum
1046 1818 1095 1905 ell
1112 1846 1152 1894 ut
1172 1819 1290 1919 reapse
1306 1819 1437 1892 alieubi
1454 1819 1591 1918 lapsum
1601 1822 1736 1923 aliquem

275 1933 344 2018 Pag.
369 1953 416 2014 ¹7·
437 1949 540 1998 antea
560 1918 825 1997 inobservatum
843 1918 1163 2022 deprehenderim,
1187 1926 1283 2022 quod
1304 1917 1468 1995 veritatis
1486 1947 1611 1995 amore
1635 1919 1735 1996 e'tndd

433 2024 477 2098 de
501 2024 608 2098 fateri
638 2022 745 2123 usque
769 2023 860 2096 adeo
888 2048 961 2097 non
983 2022 1177 2113 erubesco,
1206 2045 1244 2097 ut
1266 2021 1384 2119 potius
1410 2022 1510 2095 laetus
1536 2021 1736 2117 confidam,

434 2124 612 2225 publicum
637 2123 670 2196 ei
690 2124 843 2224 gentiam
862 2122 1088 2213 habiturum,
1116 2124 1213 2220 quod
1230 2120 1366 2197 occasio
1384 2122 1474 2194 anibi
1490 2122 1669 2213 extiterit,
1693 2146 1737 2198 ta·

432 2225 480 2297 lia
500 2208 593 2297 ndnc
620 2222 828 2322 divulgandi
849 2276 860 2312 ‚
885 2248 962 2321 quae
982 2221 1077 2294 sorte
1104 2248 1184 2295 curn
1207 2220 1329 2295 multis
1352 2220 1429 2294 aliie
1456 2223 1491 2296 in
1507 2220 1638 2294 schedia
1655 2222 1736 2296 meis

430 2346 606 2424 perpetuo
626 2325 825 2399 mansissent
844 2321 1002 2427 sepulta,
1028 2324 1197 2429 quamvis
1214 2321 1620 2401 reconditaGeomeerioe
1644 2321 1736 2402 lines
1813 2384 1815 2393 .

432 2451 505 2499 non
525 2449 648 2522 parum
668 2425 870 2523 prolatura,
1427 2470 1429 2474 .

481 2526 695 2622 Notandum
724 2549 842 2598 autern
860 2522 1078 2601 solutionem
1099 2526 1206 2624 primi
1221 2525 1449 2627 problematis
1466 2523 1501 2597 in
1515 2519 1729 2599 lebediasma·

432 2622 466 2700 ie
488 2650 568 2698 meo
588 2623 872 2700 Commentariis
900 2627 1071 2700 Academ.
1101 2652 1177 2728 pag.
1198 2650 1265 2723 ²35
1302 2627 1464 2717 inserto,
1499 2620 1677 2699 relliffime
1700 2621 1731 2701 se

429 2725 586 2818 habere,
614 2727 649 2799 δι
677 2753 719 2801 ne
737 2725 776 2800 in
794 2724 954 2801 minimis
980 2728 1125 2826 quidem
1144 2730 1310 2805 abludere
1329 2730 1380 2821 ab'
1397 2729 1460 2801 illa
1486 2752 1590 2828 quant
1610 2730 1728 2800 Frater

426 2852 525 2901 meus
553 2852 617 2924 pro
639 2826 801 2928 legitima
818 2852 1044 3001 ninovetat:
1073 2828 1131 2902 sed
1158 2829 1375 2921 sciendum,
1401 2829 1497 2930 quod
1525 2827 1590 2903 illo
1612 2825 1723 2901 sueces-
1813 2858 1814 2861 ¹

429 2928 470 3001 su
484 2951 685 3002 eontentua
710 2952 751 3000 ae
770 2951 842 3005 met
870 2928 931 3002 odi
950 2927 1211 3007 universalitati
1231 2929 1339 3007 nimia
1357 2928 1511 3007 confisus
1528 2948 1573 3007 ex
1590 2929 1726 3006 inadver-

429 3028 543 3102 tentia
562 3053 636 3102 non
655 3028 870 3103 attenderim
898 3028 1095 3105 aduertam
1122 3033 1303 3133 quandam
1320 3029 1643 3124 circumstantiam,
1662 3051 1719 3130 qua
1811 3092 1812 3107 ,

427 3125 626 3225 prohibet,
659 3154 734 3234 quo
760 3128 878 3201 minus
899 3127 970 3203 fine
996 3129 1117 3230 aliqua
1143 3129 1415 3207 modificatione
1440 3133 1720 3235 applicari-queat
1811 3174 1812 3177 =

427 3226 470 3301 ad
489 3227 670 3327 problema
698 3228 887 3303 secundum
918 3253 1075 3329 pag-239
1105 3232 1355 3330 propositum,
1383 3232 1442 3307 ubi
1469 3259 1602 3334 nempe
1624 3228 1722 3333 quari·

428 3348 496 3400 tur·
513 3352 696 3403 coereeat
716 3325 980 3426 Isoperiinetris
1005 3328 1105 3426 cujus
1119 3356 1266 3406 artuum
1284 3332 1488 3411 sunslionee
1504 3335 1647 3434 aliquod
1661 3333 1722 3403 Mn

420 3430 550 3501 nimum
590 3428 648 3502 uel
675 3428 857 3502 Minimum
885 3426 1083 3531 ptaellen'ta
1119 3423 1323 3532 qood'leve
1353 3446 1539 3534 parbratna
1566 3438 1606 3511 id
1630 3428 1725 3510 efficit

420 3621 500 3696 pag.
514 3620 605 3687 240,
632 3616 675 3670 tte
692 3592 883 3673 inciderim
909 3594 949 3674 in
968 3597 1206 3701 aquationem
1234 3538 1369 3675 Q
1390 3633 1425 3681 ς
1440 3602 1522 3694 do,
1548 3600 1629 3678 loto
1641 3596 1729 3703 hujus

1265 3671 1333 3745 ἄδι
1464 3708 1470 3719 t

418 3761 582 3966 adj-{dg
599 3854 636 3902 :a
652 3830 732 3927 dv,
756 3854 834 3934 qun
849 3784 1006 3930 genuina
1021 3829 1072 3905 est
1091 3834 1267 3940 aequatio,
1292 3834 1432 3911 &nibil
1452 3838 1606 3915 omnino
1618 3829 1725 3911 disset·

415 3958 454 4071 ιε
471 3996 758 4095 deprehendetur
783 3997 829 4074 ab
847 3996 909 4075 illa
927 4022 1036 4099 quam
1050 3986 1181 4075 Frater
1198 3974 1296 4078 turus
1313 3980 1455 4079 inuenit
1476 4003 1513 4079 in
1535 3994 1728 4101 Assislips.

378 4126 383 4133 ’
419 4122 509 4213 ¹⁷.⁰.¹
532 4123 632 4211 9⁰4⁰!
659 4099 898 4175 Obseruando
912 4122 1085 4193 tantum,
1111 4100 1207 4216 quod
1227 4130 1304 4218 quae
1323 4105 1428 4179 sratri
1447 4102 1596 4181 suerunt
1614 4134 1639 4200 z
1651 4104 1727 4219 deq,
1805 4180 1806 4207 ἶ

413 4195 710 4391 ωιὴιαιέιιιιιιιίὲῑιι
728 4199 793 4275 lint
811 4222 828 4271 r
843 4200 934 4274 btv.
962 4200 1061 4273 Nam
1078 4225 1163 4300 quta
1178 4203 1221 4275 dr
1236 4202 1731 4317 mihiconllanssupponttut,
1805 4216 1806 4231 ¹

307 4362 313 4367 ’
413 4388 483 4487 erte
506 4405 687 4507 Ἧ-
707 4364 952 4474 integrabile,
985 4368 1118 4473 datque
1142 4369 1227 4450 ideo
1254 4369 1333 4479 post‘
1352 4372 1644 4481 integrationem
1667 4368 1727 4453 sits

412 4595 491 4614 ..
684 4538 753 4634 ady
1191 4608 1201 4626 .
1331 4612 1341 4630 ‚
1696 4596 1708 4617 .

280 4662 287 4676 .
407 4594 642 4699 rnslttutam,
675 4646 754 4743 33-
777 4628 843 4705 τις
855 4602 953 4703 dy,
979 4628 1057 4709 qua
1071 4632 1249 4714 xquaero,
1267 4631 1309 4690 ιιι
1328 4610 1605 4717 rnsrapatebtt,
1631 4626 1725 4709 aqut·

1499 4808 1503 4821 ,
1600 4740 1696 4841 ualet
