3709 5434
339 185 1117 320 EauottoauM;
1242 197 1451 295 aet'

95 405 272 490 clareret,
300 425 381 473 oum
410 398 480 496 ipse
509 399 691 498 problema
718 393 818 469 suum
845 392 997 470 soluerit
1023 423 1085 474 aut
1112 401 1251 479 solvere
1274 406 1380 504 pollit
1398 457 1409 502 ,
1426 424 1591 499 rantur,

95 503 218 577 addita
247 499 342 572 smul
370 497 550 592 justissima
579 497 644 570 hac
664 493 969 587 comminatione,
996 497 1061 570 nifi
1088 499 1221 578 statuto
1249 526 1410 606 tempore
1436 511 1594 588 Anum.

95 598 324 695 responsurus
347 596 418 684 fit,
453 619 509 666 me
536 591 713 686 silentium
742 592 815 687 ejus
840 618 918 666 acce
946 617 1067 669 turum
1094 623 1160 696 pro
1188 603 1298 682 tacita
1325 609 1410 683 rofi.
1435 585 1481 649 Μ·
1498 588 1593 660 Mssi-

93 702 241 775 sessione
269 696 335 767 suae
362 692 648 781 imbecillitatis,
676 713 782 803 atque
809 689 892 764 ltine
918 621 1091 770 sonticam
1110 700 1249 776 causam
1268 702 1429 784 habito-'
1536 735 1539 740 ⁴

93 825 173 874 rum
203 791 447 892 conquerendi
476 791 614 889 publice
648 789 691 863 de
717 789 822 886 aplius
848 789 945 887 turpi
981 792 1241 874 &inhumano
1268 827 1407 880 meeum

95 897 225 997 agendi
247 894 385 982 modo,
420 889 589 1061 spuidem
617 916 675 963 me
703 887 899 963 tentaverit
926 892 1082 989 quodam
1110 896 1200 969 mihi
1252 902 1407 998 roposrto

92 995 341 1096 problemate,
367 990 424 1062 cui
456 990 611 1064 olveodo
637 986 802 1085 seipsum
830 986 937 1087 longe
964 989 1137 1089 imparem
1164 923 1332 1072 sensisset.

144 1090 345 1167 Terminus
371 1087 433 1161 ille
459 1090 502 1161 ad
530 1088 816 1162 intercessionem
837 1086 984 1179 Amici,
1012 1115 1224 1191 prorogatus
1240 1095 1308 1169 suit
1328 1121 1410 1173 meo

94 1190 267 1280 consensu
297 1187 402 1285 usque
427 1187 470 1261 ad
490 1186 914 1277 KalendasNovembris,
941 1187 1139 1263 ita'utsere
1165 1189 1326 1267 semestre
1351 1199 1411 1272 de·

92 1290 272 1364 liberandi
301 1287 451 1385 spatium
489 1287 652 1362 babuerit
681 1291 940 1362 Provocatore
976 1288 1044 1362 Sed
1071 1288 1167 1389 turpi
1193 1288 1277 1389 fuga
1310 1315 1410 1395 terga
1430 1282 1502 1367 ¹³²8·
1523 1294 1611 1347 ²²¹·‘

95 1390 224 1477 dedit,
254 1388 289 1459 dt
307 1386 390 1458 loeo
417 1384 606 1462 solutionis
633 1387 770 1487 proprii
786 1385 838 1459 sui
866 1385 1126 1485 problematis,
1174 1389 1260 1462 'uam
1289 1393 1412 1490 utique

97 1487 274 1589 possidere
303 1485 398 1582 prius
412 1485 581 1577 debebat,
607 1486 824 1585 quamillam
853 1511 950 1559 ame
963 1414 1411 1598 exigeret,‹l1uoesutilem

97 1584 409 1685 tergiversationis
436 1584 500 1658 sttae
529 1603 737 1683 praetextum
765 1583 935 1675 obtrusit,
962 1583 1096 1658 scilieet
1120 1611 1172 1657 nte
1188 1590 1412 1682 agereimitr·

96 1710 199 1760 tarem
217 1683 398 1772 leibnitii,
424 1686 572 1776 quietern
589 1688 839 1780 adargttrnenta
855 1686 1044 1780 respondere
1061 1711 1126 1758 nan
1139 1686 1263 1780 paffrt,
1288 1688 1323 1758 in
1336 1709 1413 1784 pro·

95 1789 277 1858 lunarum
292 1781 511 1879 propositione
537 1785 745 1857 diverticula
762 1782 952 1879 qnaestverit
968 1815 985 1871 ,·
1005 1787 1077 1872 jain
1102 1811 1165 1856 non
1180 1791 1413 1879 controverti,

95 1906 170 1956 atter
186 1885 325 1971 nostram
343 1884 457 1953 tnelior
474 1881 524 1967 fit
541 1887 712 1955 Geometra
728 1886 909 1980 meliusque
917 1886 1007 1977 seint
1017 1884 1222 1980 problemata
1231 1888 1413 1981 resoluere:
1486 1906 1489 1910 ’

90 1985 153 2081 [ed
169 1983 339 2053 cardinem
364 1979 546 2075 questionis
560 1985 642 2074 effe,
666 1983 742 2077 qais
757 1981 809 2067 stt
831 1985 1113 2055 inventorcalctrli
1126 1986 1309 2072 florianam
1326 1987 1414 2057 dire·

97 2079 354 2166 diminuam
369 2077 441 2151 (70.
476 2081 543 2153 Sed
562 2082 647 2180 quid
672 2084 715 2157 ad
743 2106 802 2155 me
826 2081 978 2156 aliorum
1006 2081 1191 2181 litigatio?
1243 2084 1302 2157 uid
1329 2085 1414 2158 inde

97 2179 272 2255 utilitatis
298 2181 471 2258 redundat
497 2178 536 2253 in
552 2180 757 2294 publicum?
775 2177 857 2254 'ello
882 2206 989 2279 penes
1015 2206 1191 2283 quemque
1215 2109 1412 2257 lesiotettt

95 2278 301 2376 ¹adjudicare
328 2277 476 2353 inventa
505 2304 704 2381 cuicunque
723 2278 899 2369 voluerit,
926 2282 1036 2355 modo
1062 2280 1144 2353 inde
1162 2279 1304 2355 dosliot
1330 2307 1413 2355 eva·

98 2378 185 2463 dat3
223 2377 344 2476 siquis
371 2376 461 2451 milii
491 2405 568 2453 mea
594 2380 645 2452 eri
672 2387 760 2468 ere,
793 2402 834 2453 ac
852 2375 912 2451 fibi
940 2378 999 2455 vel
1025 2376 1104 2455 aliis
1129 2379 1328 2454 attribuere
1378 2405 1413 2452 e·

96 2475 199 2562 stiet,
227 2499 290 2568 per
310 2475 492 2562 meliert,
518 2406 671 2548 eruots
743 2563 745 2568 Ι
828 2561 832 2568 1
1354 2405 1380 2544 d

95 2569 314 2656 inslrtrslos,
336 2574 399 2670 qui
425 2570 521 2667 quod
549 2594 675 2642 verum
702 2562 1008 2667 deprehenderunt
1035 2570 1135 2643 suum
1164 2569 1413 2668 tuiquepubli·

96 2697 137 2745 ee
162 2671 312 2764 asserere
338 2693 411 2742 oon
432 2666 666 2741 verebuntur.
695 2672 830 2742 Extant
861 2666 952 2739 hanc
979 2670 1016 2739 in
1035 2692 1110 2740 rem
1136 2663 1411 2764 scriptanostra,

94 2763 173 2870 quae
203 2792 242 2842 ut
268 2767 420 2843 totidem
450 2789 682 2842 monumenta
708 2763 811 2840 facile
828 2764 1041 2862 dissipabunt
1058 2764 1179 2840 inania
1194 2763 1332 2863 jurgia,
1358 2762 1412 2837 his

98 2874 246 2942 demum
272 2864 493 2966 temporibus
520 2887 625 2938 tanto
659 2890 740 2938 cum
768 2865 894 2938 ardore
922 2862 1051 2963 agitari
1078 2886 1195 2962 eoepta
1221 2888 1242 2936 a
1269 2861 1413 2934 vitiliti·

100 2964 305 3062 gatoribus,
331 2985 498 3066 quorum,
514 2989 646 3063 magno
659 2962 723 3038 suo
741 2963 874 3036 merito
890 2960 1112 3060 Coryphaeus
1129 2961 1177 3036 esi
1189 2963 1412 3038 Provoca'tor

97 3085 218 3133 meus.
245 3063 338 3151 Quis
352 3086 471 3137 autem
489 3089 561 3135 non
581 3061 731 3135 miretur
751 3061 948 3135 miserabile
973 3060 1252 3158 subterfugium,
1278 3085 1350 3155 quo
1375 3059 1411 3130 se

99 3183 118 3232 a
138 3178 260 3230 mutua
278 3155 498 3253 obligatione
526 3154 646 3248 adid,
670 3156 765 3254 quod
778 3155 866 3227 milti
885 3156 1116 3254 imponebat,
1143 3155 1333 3230 subducere
1352 3180 1411 3229 co·
1522 3237 1530 3252 ,

100 3259 234 3330 naturl
262 3258 444 3327 Provocat
470 3251 531 3323 ille
559 3277 615 3321 me
633 3253 674 3320 ad
692 3277 901 3334 certamen3
929 3278 997 3347 ego
1025 3276 1251 3345 compareo;
1279 3278 1413 3348 provo·

97 3379 141 3425 co
168 3349 353 3433 riciffim3
388 3367 595 3441 comparere
620 3345 764 3429 renuit,
790 3344 886 3439 quod
912 3361 932 3418 'a
961 3370 1017 3417 me
1044 3345 1272 3442 praellandum
1302 3372 1412 3441 popo·

99 3450 243 3539 sterat,
268 3443 409 3545 praelliti
427 3469 438 3532 3
456 3442 559 3516 ,idem
587 3441 630 3514 ab
657 3440 733 3538 ipso
761 3438 912 3538 praestari
932 3440 1041 3538 petii,
1067 3445 1152 3539 quid
1166 3445 1318 3556 aquius?
1338 3440 1413 3514 boe

98 3573 186 3621 uero
214 3546 275 3620 ille
303 3546 374 3642 jam
402 3564 508 3616 votat
536 3539 749 3615 diverticula
765 3563 951 3639 quaereres¹
977 3559 1057 3611 uter
1083 3538 1294 3617 diverticula
1321 3564 1414 3640 qua·

101 3645 219 3730 suerit
249 3670 342 3719 nunc
370 3642 503 3740 judicet
530 3639 689 3716 Leblor:
726 3638 806 3713 sane
834 3638 861 3709 [ι
884 3637 1076 3724 invenisset
1110 3634 1147 3709 io
1177 3662 1413 3714 armamenta·

100 3746 154 3819 rio
181 3746 244 3819 suo
272 3744 440 3817 idoneum
466 3737 552 3841 quid
574 3742 616 3811 ad
635 3731 1073 3836 explicandumGordium
1094 3733 1191 3808 suum
1220 3764 1324 3837 quem
1346 3738 1411 3811 mi·

101 3841 136 3916 hi
164 3841 349 3944 proposuit
379 3841 533 3928 nodum,
559 3843 691 3938 quanta
707 3836 821 3936 qualo
847 3835 1030 3910 hilaritate
1048 3835 1259 3932 prorupisset
1284 3838 1322 3911 in
1340 3837 1410 3910 sce·

99 3949 211 4111 pam?
239 3940 297 4024 sed
324 3939 461 4033 latuit,
488 3937 545 4012 sed
571 3936 664 4014 srluit
690 3936 934 4037 pudibundus,
962 3933 1097 4033 linquid
1122 3934 1270 4032 pudoris
1297 3935 1410 4008 adhuc

124 4042 219 4116 abet.
441 4105 445 4110 .
481 4107 485 4120 ,
741 4069 745 4076 ·
1334 4075 1337 4084 ’

147 4140 263 4217 Sicuti
290 4168 398 4217 nemo
425 4137 622 4229 dubitabit,
649 4137 750 4214 illum
769 4137 941 4228 interim,
964 4157 1044 4230 ctum
1062 4132 1095 4206 se
1113 4131 1325 4206 imminente
1343 4151 1413 4204 ter·
1438 4193 1457 4228 ,ι

100 4239 200 4314 mino
228 4243 266 4312 in
279 4241 450 4341 angustiis
467 4239 607 4313 videret
621 4241 637 4330 ,'
659 4242 702 4313 ab
719 4238 885 4312 omnibus
911 4231 1203 4320 mathematicis,
1237 4253 1325 4342 quos
1351 4228 1413 4304 lta·

100 4333 158 4413 bet
176 4337 329 4430 amieos,
356 4338 528 4440 flagitasse
545 4339 670 4414 manus
686 4336 951 4426 auxiliatrices,
978 4332 1028 4406 ita
1047 4328 1200 4404 firmiter
1220 4327 1306 4401 mihi
1337 4343 1414 4424 per.

36 4483 37 4490 κ
102 4436 248 4525 suadeo,
275 4435 394 4538 siquis
414 4442 450 4514 in
472 4436 606 4539 Anglia
632 4461 792 4537 optatam
821 4428 1260 4528 solutionemprattituro
1276 4450 1413 4521 tempo·

37 4559 40 4596 ι
103 4534 347 4611 reinvestisset
365 4589 376 4629 ,
400 4538 499 4637 quod
518 4563 594 4615 eam
614 4537 779 4639 protinus
795 4559 874 4611 eum
896 4530 1038 4632 publico
1055 4526 1319 4606 communicare
1338 4547 1413 4599 noa

664 2502 786 2571 emper
812 2476 907 2547 inter
935 2477 1105 2573 aequiores
1130 2483 1172 2550 de
1189 2478 1291 2547 rebus
1309 2502 1351 2570 ge
1383 2477 1412 2545 is

40 4651 44 4694 τ
197 4640 289 4742 lon.
316 4640 351 4709 V.
895 4637 1031 4731 Gggg
1281 4620 1365 4718 suis:
