3709 5434
504 202 621 320 320'
881 171 1270 275 Acri

243 390 409 459 Ausim.
428 391 657 468 medullosam
684 388 832 463 cerebro
856 387 1006 463 similem
1034 387 1221 488 expreflit.
1248 387 1420 463 Retinim
1437 388 1560 463 eadem
1570 392 1752 489 repletam

244 474 402 564 A¹¹·¹7¹⁶.:
425 495 493 566 effe
510 490 634 568 docuit
658 545 666 564 .
695 490 846 590 Negaii
876 490 979 580 itur,
1006 489 1442 603 quod-vulgocredirur‚
1471 516 1624 604 nervum
1654 496 1749 592 opti·

248 549 507 666 Μ’Μ““”ὀιιιιι
537 592 605 664 esse
622 591 828 690 congeriem
846 516 1115 662 blameotorum
1145 614 1358 663 nerveorum
1387 587 1652 665 infasciculum
1680 598 1748 668 col·

424 690 601 765 leblotum
631 744 643 780 ,
678 714 742 762 nec
768 690 923 761 retinam
961 689 1126 763 concedit
1162 691 1229 763 elle
1258 691 1498 765 membranam
1533 717 1576 764 eir
1605 691 1742 768 fibrillit

424 788 566 864 nerveis
594 810 820 862 contextam.
847 787 1045 862 Hisutitut
1073 792 1115 864 ad
1135 788 1415 865 confirmandam
1437 790 1656 866 sententiam
1673 799 1745 867 Ma-

423 890 541 976 riorri,
568 913 675 986 quam
694 888 766 984 jam
787 909 869 960 anre
888 887 967 960 aliis
986 915 1025 966 ar
1053 890 1207 963 umentis
1230 892 1501 989 propugnavit,
1528 895 1629 991 quod
1659 895 1745 969 scili·

424 1012 482 1062 cet
508 986 725 1075 choroidea,
752 1011 826 1059 non
853 986 1000 1079 retina,
1026 915 1066 1060 iii
1096 989 1308 1087 praecipuum
1336 991 1427 1064 visus
1452 1018 1663 1091 organum.
1701 1002 1743 1067 Dr
1816 1080 1817 1103 ,

422 1091 616 1175 Reauiiiur,
643 1109 684 1158 ut
701 1107 819 1165 certus
835 1084 973 1176 fieret,
1001 1110 1151 1179 utrum,
1178 1089 1273 1186 quod
1294 1092 1406 1189 vulgo
1422 1092 1581 1165 creditur
1603 1146 1614 1182 ,
1647 1094 1739 1191 pedet
1816 1106 1817 1129 ³

424 1208 637 1261 cancrorum
666 1186 924 1276 renascantur,
953 1212 1016 1259 uec
1037 1212 1111 1278 nc,
1147 1212 1294 1262 cancros
1309 1192 1466 1287 pedibus
1487 1192 1634 1266 releblis
1664 1195 1738 1267 vasu
1816 1192 1817 1281 i

426 1282 619 1371 conclusit,
647 1306 710 1358 nec
730 1284 892 1359 fallacem
913 1287 982 1358 esse
1001 1311 1131 1360 vocem
1155 1288 1257 1387 vulgi
1279 1288 1425 1363 didicit.
1454 1293 1565 1362 Lirrre
1594 1294 1634 1365 iu
1649 1295 1738 1368 cada·

425 1408 509 1456 vere
537 1381 692 1461 foemiuae
723 1409 766 1476 54
784 1409 963 1459 annorum
990 1411 1053 1460 cor
1070 1386 1140 1460 sine
1168 1387 1368 1486 pericardio
1393 1390 1556 1488 reperit,
1587 1393 1737 1485 liceum,
1816 1410 1817 1477 5

344 1480 348 1487 ⁴
425 1483 577 1570 durum,
604 1479 803 1580 superficiei
823 1484 1027 1587 inaequalis,
1053 1486 1235 1578 scabrum,
1254 1515 1359 1586 pauca
1372 1487 1593 1589 pinguedine
1609 1520 1734 1593 parum·

423 1607 494 1680 que
512 1579 683 1656 unfluosa
703 1581 890 1658 vestitum.
918 1585 1191 1661 valetudinaria
1210 1587 1279 1664 fuit
1297 1590 1332 1661 dc
1350 1587 1477 1663 llerilis
1494 1591 1531 1666 iii
1558 1619 1618 1669 20.
1640 1623 1736 1671 auno·

424 1705 505 1755 rum
524 1681 779 1755 matrimonio.
805 1686 906 1779 Mery
931 1684 970 1758 iii
987 1686 1125 1761 scenam
1145 1689 1311 1788 producit
1337 1688 1555 1780 foemiuam,
1582 1720 1661 1793 quai
1686 1724 1737 1772 au·

424 1804 474 1853 ao
490 1777 604 1857 etatis
627 1791 669 1853 16
693 1804 804 1882 nupta
823 1782 905 1857 viro
924 1781 1048 1879 juveni
1075 1789 1111 1860 ἃ
1130 1788 1299 1889 rigoroso
1316 1792 1463 1866 vultam
1482 1790 1639 1869 habebat
1658 1799 1736 1873 adeo

423 1878 583 1968 arflaui,
611 1901 651 1953 ut
669 1880 842 1981 inpetrem
860 1883 1059 1961 immittere
1077 1891 1262 1981 nequiter,
1290 1917 1371 1965 cum
1391 1890 1455 1965 vix
1471 1893 1653 1970 calamum
1664 1897 1735 1972 scri·

420 1978 581 2079 pierium
600 1979 825 2055 admitterer.
854 1987 950 2057 Cum
980 2012 1042 2085 per
1061 1989 1224 2062 undecim
1243 1991 1404 2090 integros
1421 2017 1535 2067 anuos
1553 1994 1592 2069 in
1614 2001 1734 2099 vagina

422 2077 625 2177 amplianda
640 2078 769 2154 frustra
787 2080 982 2157 desudasset
1000 2087 1170 2177 maritus,
1194 2088 1253 2163 lua
1270 2093 1414 2165 tandem
1432 2090 1559 2191 sponte
1586 2098 1733 2198 amplior

240 2170 314 2257 1¹²8·
337 2190 401 2237 ¹00·
421 2178 647 2253 evadebat&
666 2206 686 2254 a
702 2179 834 2279 quinto
851 2180 1060 2279 gestationis
1080 2184 1195 2260 mense
1212 2189 1388 2263 continuo
1407 2193 1668 2291 ampliabatur,
1695 2223 1731 2272 ut

284 2282 292 2289 '
421 2300 563 2378 partum
583 2301 746 2378 tempore
766 2281 938 2355 consueto
957 2281 1112 2358 feliciter
1139 2287 1257 2361 ederet
1274 2287 1454 2365 foemina.
1488 2293 1613 2392 Iungit
1640 2296 1729 2373 idem

419 2382 521 2472 Mery
546 2376 673 2455 foetum
692 2376 909 2470 masculum,
935 2381 1019 2481 qui,
1044 2384 1107 2457 etsi
1128 2387 1274 2459 cerebro
1291 2388 1327 2459 ἃ
1348 2389 1503 2467 medulla
1521 2392 1645 2491 spinali'
1669 2397 1726 2471 de·

288 2552 292 2559 ,
420 2477 585 2568 llitutus,
613 2505 673 2576 per
692 2476 797 2555 horas
815 2503 937 2555 tamen
956 2482 1089 2582 viginti
1108 2485 1142 2557 δι
1163 2512 1269 2565 uuam
1287 2487 1400 2567 vixit.

467 2581 512 2655 Iu
528 2576 702 2676 (thymius
720 2579 806 2653 noui
826 2580 1019 2681 phosphori
1041 2587 1296 2684 Horrbergi‘aiii,
1323 2591 1423 2691 cujus
1445 2596 1482 2670 iii
1503 2596 1605 2673 Auis
1622 2625 1736 2676 anno-⁷

418 2706 499 2758 tum
520 2680 683 2853 proxime
701 2679 922 2783 superiorum
945 2711 1021 2788 pag.
1035 2695 1103 2785 238
1123 2689 1238 2784 &299
1256 2689 1350 2768 faeta
1367 2693 1415 2770 est
1435 2698 1598 2789 mentio,
1625 2703 1726 2776 retio-

416 2807 518 2878 neap
545 2784 652 2875 ylicaa
677 2785 824 2859 reddere
852 2803 1004 2863 conatur
1021 2795 1269 2869 Fontemslius.
1297 2795 1507 2871 Brionniatn
1538 2799 1638 2874 inter
1655 2829 1724 2900 pur·
1813 2872 1818 2883 .

416 2879 540 2976 gaucia
566 2880 610 2951 ad
629 2903 779 2952 examen
799 2906 946 2957 revocat
962 2892 1135 2963 Bouldiic.
1162 2892 1379 2971 infusionem
1423 2896 1540 2972 refert
1555 2901 1723 2977 decoflio·

414 2976 541 3063 uibus,
567 2976 604 3047 δι
623 3002 723 3066 eam,
751 3002 827 3076 qua
845 2977 888 3053 fit
907 2981 945 3056 in
965 2984 1053 3059 vino
1069 2988 1171 3081 albo,
1199 2993 1377 3089 potiorem
1397 2924 1503 3072 babet
1523 3000 1724 3105 alteraque
1816 3030 1817 3035 ’

412 3068 457 3146 fit
483 3071 521 3145 iii
540 3098 648 3172 aqua.
677 3078 921 3158 Commendat
939 3106 1060 3159 autem
1087 3088 1130 3163 ad
1148 3089 1359 3171 infusionem
1379 3099 1573 3197 parandam
1605 3105 1733 3179 radicis,

412 3170 590 3248 exsiccata
617 3172 822 3249 drachmam
841 3203 976 3272 unam,
1003 3185 1134 3261 viridis
1160 3216 1248 3268 vero
1265 3220 1447 3296 quatuor.
1474 3202 1609 3298 serim
1637 3203 1726 3279 filius

410 3272 571 3353 rationes
587 3273 871 3351 comminiscitur
901 3284 1087 3381 colorum,
1112 3316 1202 3390 quor
1220 3298 1427 3372 Mercurius
1454 3299 1493 3377 in
1517 3301 1651 3401 spiritu
1679 3305 1726 3380 ni·

186 3416 207 3464 ,κ
264 3458 269 3467 .
410 3369 662 3486 trisolutupdt
682 3376 865 3474 peralcali
891 3384 1071 3481 quoddam
1091 3393 1533 3500 precipitatutacquitit.
1570 3407 1727 3479 Horiber·

404 3473 487 3568 gius
512 3497 623 3545 varus
639 3476 894 3574 experimentis
912 3481 1088 3574 chymicis·
1105 3491 1232 3586 docet,
1256 3494 1364 3571 inesse
1381 3500 1565 3597 quoddam
1586 3506 1731 3581 acidum.
1816 3504 1817 3531 ¹

406 3568 571 3668 sanguini
589 3573 850 3652 animantium.
868 3583 937 3655 Per
953 3582 1085 3660 fortem
1100 3591 1272 3668 nimirum
1292 3596 1570 3678 destillationem
1589 3605 1718 3707 sangui·
1816 3638 1817 3673 1

406 3667 462 3742 nis
479 3669 638 3746 obtinuit
657 3675 834 3774 liquorem
853 3679 1025 3774 rutilum,
1052 3688 1114 3787 qui
1131 3690 1226 3766 idem
1237 3696 1402 3772 &acidus
1419 3700 1717 3800 deprehenditur,

404 3791 486 3841 cum
505 3769 701 3845 tiufluram
718 3773 930 3877 heliotropii
948 3785 1091 3859 rubram
1110 3790 1261 3885 efficiat,
1289 3797 1522 3894 &alcalicus,
1553 3832 1636 3883 cum
1654 3804 1721 3907 lpi-

401 3866 478 3942 ritu
496 3867 575 3944 salis
592 3869 819 3949 effirvescar.
848 3881 950 3955 Dum
968 3884 1105 3982 Lemery
1133 3916 1257 3967 aurum
1277 3894 1423 3999 iniqua
1443 3904 1542 4002 regia
1565 3906 1721 3983 solutum
1816 3954 1817 3999 i

402 3965 577 4044 beneficio
594 3967 738 4084 spiritus
758 3976 915 4052 volatilis
933 3980 1432 4098 salisArmoniaci&aliquot
1449 4027 1645 4103 guttarum
1655 4009 1722 4084 olei

400 4068 550 4143 Tartari
569 4071 811 4169 praecipitabat
829 4108 839 4149 ι
866 4076 957 4153 fumi
974 4082 1011 4155 in
1029 4083 1307 4169 fermentatione
1325 4103 1554 4179 ascendentes
1571 4111 1723 4186 odorem
1816 4184 1817 4197 ,

398 4165 639 4281 roristmarini
656 4168 863 4268 spirabant.
889 4183 1114 4282 Hunbergr'irr
1130 4195 1280 4289 exponit
1300 4200 1444 4275 modum
1464 4257 1476 4294 ,
1503 4231 1580 4306 quo
1601 4208 1724 4312 figura
1816 4200 1817 4203 Ἴ

397 4264 574 4379 lapidibus
590 4266 771 4368 insculpta
788 4273 888 4349 vitro
905 4283 1069 4360 colorato
1086 4287 1247 4390 imprimi
1270 4298 1418 4395 possint.
1444 4303 1598 4384 Scilicet
1610 4315 1724 4387 masse

394 4360 551 4445 humide
568 4390 612 4440 eir
625 4390 722 4484 perra
739 4372 977 4472 tripolitana,
1004 4410 1074 4487 qua
1092 4389 1134 4463 ad
1156 4391 1361 4489 poliendum
1382 4401 1520 4478 vitrum
1542 4432 1724 4504 uruntur,

395 4455 694 4581 figuramlapidis
711 4474 910 4587 imprimit,
928 4479 1112 4565 &vitrum
1130 4490 1287 4570 insumo
1305 4499 1343 4574 vi
1360 4500 1455 4602 ignit
1464 4508 1722 4593 ueneficium
1815 4536 1817 4569 ³

395 4581 463 4661 ope
477 4559 565 4642 serti
580 4569 728 4647 modulo
745 4570 829 4655 huic
846 4578 1043 4678 apprimit.

1626 4716 1817 4793 ln,
