3709 5434
327 193 817 297 Suuununn.
875 188 1150 304 Tom.Vl.
1267 239 1361 344 435

43 434 59 495 l
132 434 172 487 to
196 406 234 485 in
257 408 385 508 longos
411 406 587 503 ejusmodi
617 407 752 503 tradlun
779 431 895 499 mutat
921 409 1104 506 delitias,
1130 416 1167 488 δι
1194 417 1246 494 ita
1272 419 1412 520 colligit
1430 476 1442 514 ,
1460 431 1617 516 Tomtvi,

133 533 202 612 quo
221 512 362 587 tandem
384 509 522 582 arboris
538 506 687 605 speciem
709 505 833 581 nostris
860 508 970 581 srllere
986 508 1317 596 videanturoculis.
1345 526 1441 597 Ven·
1462 527 1501 588 su
1526 518 1615 608 pluro.¹
1755 588 1758 593 Α

49 598 59 681 ἶ
134 632 209 699 tum
234 635 323 689 vero
349 608 570 708 superiorem
591 605 807 681 verisfimam
825 611 976 683 metenti
995 610 1097 706 hujus
1114 616 1353 713 ellecausam,
1380 625 1442 697 du·
1462 548 1603 674 ⁵⁶3st

132 710 210 812 plex
237 707 410 787 habemur
425 730 704 808 argumentum,
731 726 886 805 quorum
914 709 1010 806 prius
1027 712 1102 805 est,
1128 720 1224 815 quod
1243 717 1331 794 slriae
1359 725 1444 798 albi·
1611 720 1613 723 ’

46 870 56 907 ·.·
133 814 423 900 cautenldssssd)
449 806 617 891 bullenus
637 807 785 881 dudlum
812 807 995 902 inferioris
1021 813 1120 901 venti
1148 818 1260 891 adhuc
1278 819 1445 916 spirantis
1472 809 1564 883 Tab·
1593 811 1626 887 1·

42 942 54 1011 ᾖς
129 908 276 1003 secutoe,
303 911 420 987 subito
447 914 571 999 nunc,
587 911 635 984 ob
653 906 843 983 inllantenr
872 908 1088 1006 tempestatis
1115 919 1351 1001 mutationem
1372 950 1447 999 oer-
1474 911 1556 1013 Fig·
1567 941 1600 1010 3.

42 1072 49 1085 ,.
130 1032 206 1085 tam
235 1015 419 1113 patiantur
445 1007 694 1100 affedlionem,
716 1011 800 1081 dum
814 1035 941 1108 nempe
961 1012 1092 1101 inverti
1112 1013 1300 1110 videntur,
1323 1025 1399 1119 Fig.
1413 1050 1446 1119 3.

42 1104 43 1113 '
132 1115 232 1186 Cum
249 1114 347 1189 enint
364 1132 498 1187 ventus
521 1105 681 1208 superior
708 1135 824 1182 novus
851 1111 889 1182 in
908 1136 966 1184 eas
983 1110 1044 1184 sub
1070 1122 1137 1205 (a)
1161 1113 1311 1210 incidit,
1336 1149 1447 1201 novas

42 1206 48 1291 ζ
130 1234 179 1285 ex
197 1206 243 1285 iis
259 1213 424 1313 quasdam
443 1204 544 1284 strias
561 1210 679 1283 versus
703 1211 770 1299 (b)
796 1209 928 1300 efficit,
955 1213 1050 1310 quod
1070 1210 1141 1305 fit,
1165 1219 1307 1313 quando
1333 1220 1449 1300 brevi·

42 1306 48 1383 s
131 1332 191 1383 tet·
219 1332 358 1386 tanturn
385 1311 511 1404 durat,
538 1315 681 1410 quando
699 1334 789 1382 vero
816 1309 962 1406 petsrllit
989 1302 1026 1384 in
1048 1312 1110 1386 suo
1128 1312 1246 1408 llntu,
1272 1319 1375 1420 plane
1393 1345 1449 1401 eas

42 1410 48 1483 ζ
128 1405 287 1485 invertit
314 1413 350 1486 δι
369 1410 671 1489 secunduml'uum
697 1424 792 1484 nun'c
809 1409 993 1509 inceptum
1021 1411 1090 1485 diti
1119 1414 1322 1492 inmotum.
1351 1418 1451 1499 Alt'e·

42 1510 47 1515 ’
130 1533 214 1585 rum
244 1534 497 1613 argumentum
517 1508 588 1601 eu,
615 1511 712 1610 quod
740 1507 839 1584 brevi
867 1510 942 1610 post
970 1440 1250 1589 honestiorum
1280 1518 1450 1597 inversio·

41 1678 42 1685 ,
127 1635 214 1685 nem
243 1609 407 1713 superior
424 1633 573 1705 ventus,
599 1609 750 1685 inferius
776 1609 911 1702 etiam,
938 1636 981 1684 ex
999 1614 1099 1711 plaga
1119 1615 1274 1713 primurn
1295 1619 1453 1699 indicata

41 1712 42 1715 ’
127 1708 381 1809 spirarenune
398 1710 551 1807 incipiat
565 1764 589 1783 .,
602 1713 765 1809 Tempus
782 1736 921 1786 certum
939 1713 1013 1804 ,“&
1032 1715 1173 1788 ratione
1192 1718 1347 1815 partium
1368 1723 1455 1798 anni

125 1813 324 1889 &ratione
343 1811 513 1887 horarum
534 1810 765 1903 diurnarum,
791 1810 916 1886 nollrae
936 1811 1056 1886 arbori
1075 1813 1195 1890 nubea
1212 1842 1285 1892 noo
1303 1821 1455 1922 alligna·
1558 1874 1561 1878 »

124 1914 159 1991 ri
177 1912 322 2013 potest,
346 1939 428 1988 cum
447 1911 550 1987 omni
567 1914 653 1987 anni
681 1937 721 1987 ac
740 1913 811 1988 diei
839 1937 1003 2012 tempore
1022 1939 1188 2014 appareat
1206 1970 1223 2013 .,
1243 1920 1365 2012 Quam
1392 1922 1454 1998 diu

125 2012 262 2107 duret,
286 2013 414 2089 itidem
441 2036 542 2089 certo
569 2010 640 2087 dici
668 2038 742 2087 non
772 2011 885 2112 potest
898 2062 916 2103 ·,
932 2013 1124 2089 interdum
1143 2016 1239 2090 enim
1267 2044 1327 2117 pet
1351 2021 1456 2097 serni·

125 2112 304 2205 horula,
338 2114 521 2187 interdum
539 2136 628 2186 vero
654 2137 718 2226 per
736 2113 839 2187 unius
855 2111 952 2187 hotae
979 2115 1014 2188 δι
1037 2116 1131 2190 ultra
1157 2114 1310 2215 spatium
1337 2123 1456 2198 visum

127 2215 298 2291 nostrum
325 2212 479 2289 deledlat
493 2245 514 2307 ex
533 2213 639 2311 quale
655 2211 830 2287 indicium
858 2238 1001 2315 quoque
1019 2213 1092 2288 ello
1118 2217 1161 2289 de
1179 2218 1288 2319 plaga
1306 2223 1456 2298 certitu.

124 2314 248 2409 dine,
274 2314 338 2415 qui
364 2314 460 2389 enim
489 2316 683 2388 vdntorum
713 2313 916 2389 &nubium
948 2339 1089 2389 motum
1117 2314 1322 2418 intelligit,
1349 2319 1456 2400 facile

125 2441 280 2518 quoque
309 2413 491 2516 percipit,
517 2436 651 2486 certam
679 2409 736 2485 isti
761 2438 837 2486 non
856 2415 952 2511 posse
979 2415 1159 2505 adscribi,
1184 2443 1266 2491 cum
1294 2446 1389 2494 nunc
1416 2421 1458 2498 in

124 2513 309 2592 orientali
336 2537 432 2600 nunc
459 2510 499 2584 in
514 2510 753 2596 occidentali,
778 2535 864 2580 mox
881 2512 920 2580 in
941 2513 1190 2601 meridionali,
1218 2538 1304 2586 mox
1331 2519 1369 2590 in
1395 2520 1458 2592 bo·
1495 2600 1498 2607 ,

125 2615 252 2707 reali,
282 2637 369 2688 mox
385 2610 496 2685 eriam
516 2609 553 2681 in
573 2605 771 2679 collaterali
790 2630 977 2705 appareat.
1002 2609 1186 2683 Ultimum
1206 2613 1358 2711 denique
1375 2613 1460 2690 finis

123 2713 279 2793 arboris
308 2707 431 2784 nollrae
459 2708 578 2781 nubea
605 2708 834 2801 exponendus
852 2702 981 2797 restat,
1006 2705 1069 2806 qui
1095 2732 1140 2780 ex
1159 2707 1330 2784 nouenos
1356 2715 1462 2793 didlia

122 2810 283 2893 nemini
301 2808 452 2910 amplius
468 2807 634 2883 obscurus
651 2805 718 2878 else
728 2803 860 2903 potest,
888 2831 969 2878 cum
988 2805 1204 2905 tempestatis
1220 2814 1460 2895 mutationem
1480 2818 1553 2910 Pag.
1574 2841 1645 2907 157:

125 2911 282 2991 indicet
310 2934 416 3009 atque
435 2904 640 3007 prasagiat.
675 2908 757 2977 Hoc
783 2904 907 2977 saltem
937 2903 1050 2978 adhuc
1076 2909 1307 3005 notandum,
1333 2918 1464 3015 qnod,

124 3012 292 3116 quando
318 3012 356 3081 in
376 3010 479 3106 plaga
498 3002 712 3079 occidentali
729 3000 969 3099 conspicitur,
995 3003 1328 3085 itautramiversus
1344 3016 1464 3093 otien-

128 3136 213 3189 tem
244 3108 284 3183 se
302 3107 518 3197 extendant,
547 3104 707 3203 pluviam
726 3130 739 3191 3
764 3110 909 3202 quando
925 3130 1015 3178 vero
1040 3107 1076 3180 iu
1097 3106 1266 3182 orientali
1286 3114 1465 3212 videtur,

125 3213 273 3290 e'oelum
294 3204 457 3282 serenum
475 3204 691 3293 annunciet,
719 3228 939 3302 ventumque
964 3205 1151 3292 (aventis
1169 3208 1265 3281 enim
1280 3216 1465 3307 tempesta.

130 3337 190 3391 tea
222 3306 420 3413 pendent)
445 3330 489 3379 ex
507 3305 648 3391 oriente
666 3302 880 3400 spiraturum
903 3358 913 3389 ‚
943 3306 1105 3398 predicat
1124 3332 1135 3391 3
1164 3330 1203 3380 ut
1221 3309 1311 3380 adeo
1329 3312 1468 3411 Vulgus

128 3413 224 3489 huic
246 3431 418 3485 meteoto
444 3404 599 3501 arborea
625 3401 730 3484 nubis
753 3405 869 3495 (eines
885 3405 1204 3505 Mutet-Batinum)
1228 3432 1365 3516 nomeu
1389 3437 1468 3516 uon

122 3511 261 3620 inepte
291 3503 524 3612 imposuerit.
