3709 5434
433 176 1202 286 Enuutrono-rn.⁴
1347 222 1409 327 η

37 380 41 409 ¹
158 397 286 496 psitrtn
313 392 397 468 sunt
417 393 493 479 fine
516 395 721 487 nereffitate,
745 400 859 495 ne'que
886 396 983 471 enim
1002 394 1230 474 necessarium
1249 404 1347 495 era't,
1374 425 1414 478 ut
1432 390 1484 479 us·
1498 435 1663 505 ΛΜΝ,

160 502 229 573 sam
259 519 463 570 creaturam
492 496 732 594 producerct3
758 494 814 567 sed
843 522 916 570 non
945 497 1023 572 sunt
1052 498 1288 598 multiplicata
1308 505 1375 576 stne
1393 504 1482 578 sum·
1504 524 1563 581 no.
1574 538 1660 598 1711·

159 625 216 673 ma
245 595 421 670 ratione.
450 601 547 685 (ra)
572 599 630 668 Ex
658 595 843 683 motibus,
872 594 894 667 st
921 622 986 692 pro
1014 598 1106 670 veris
1133 599 1331 674 arsionibus
1359 597 1543 700 passio-M·
1563 598 1645 681 ⁸⁸9¹·

161 697 340 797 tribusque
369 693 592 785 habeantur,
625 691 777 767 omnino
804 694 986 794 colligitur
1015 699 1101 787 vis,
1137 724 1175 771 ut
1203 700 1274 796 jam
1303 702 1484 778 monitum
1604 792 1606 794 v

162 796 206 874 est
234 822 339 872 num.
362 800 393 866 8.
419 791 520 887 Quin
548 795 655 867 etiam
681 802 791 884 (¹3)
817 793 885 867 asia
913 795 1098 894 peculiaris
1125 799 1219 872 ratio
1243 825 1310 898 pro
1337 800 1486 879 existen·

159 901 210 975 tia
240 897 298 971 vis
326 893 454 994 agendi
480 893 583 968 allata
609 893 655 966 est
683 893 781 966 disso
807 892 890 966 loco
917 894 1098 969 Astorum
1124 899 1420 997 Septemb.1698.
1440 904 1485 977 de

158 1026 233 1100 qtta
264 1021 351 1073 mox
381 1019 489 1082 n.17.

213 1093 426 1171 Proceditur
454 1091 578 1167 deinde
607 1090 649 1166 ad
670 1094 852 1189 secundnm
878 1095 1090 1185 dissentiendi
1113 1099 1307 1185 Rationem,
1334 1124 1411 1197 quae
1431 1122 1483 1176 tn·

162 1198 209 1273 lis
234 1193 416 1269 affertur:
451 1195 559 1263 Hand
584 1195 705 1279 majore
730 1196 771 1264 vi
796 1214 857 1264 avr
882 1194 1006 1267 risione
1031 1199 1215 1268 oosunrntis
1251 1198 1377 1272 divine
1402 1221 1485 1296 epau

160 1296 206 1386 0st
226 1296 277 1367 ad
302 1291 447 1389 corporis
471 1291 672 1379 existentiam
684 1291 862 1387 surrrffive
877 1297 912 1362 in
930 1295 1075 1379 diversis
1090 1299 1242 1367 continue
1256 1298 1357 1388 soris,
1381 1325 1484 1395 quarn

154 1406 192 1471 t'rt
218 1395 337 1468 eodem
357 1390 537 1488 successive
561 1393 629 1464 loco
651 1393 925 1487 producendam,
951 1394 1011 1465 boc
1034 1394 1111 1486 ess,
1136 1397 1184 1467 ad
1209 1418 1328 1493 corpus
1353 1423 1484 1470 moven-

157 1500 274 1586 dtrtn,
302 1512 403 1591 quam
427 1492 475 1563 nd
499 1492 590 1562 illud
613 1491 647 1561 in
675 1494 785 1589 quiere
809 1494 1099 1586 conservandum,
1131 1516 1169 1566 nr
1194 1523 1233 1566 ex
1254 1499 1328 1583 jorn
1354 1497 1484 1583 diensis

164 1599 288 1692 liquet.
316 1596 402 1666 Haec
429 1589 570 1665 assertio
597 1616 670 1663 oon
698 1592 932 1680 admittitur,
958 1601 1051 1684 (¹4)
1077 1595 1153 1691 psus
1179 1594 1274 1665 enim
1303 1596 1482 1694 cognitio·

171 1697 256 1783 uis,
279 1689 471 1765 uoluntatis
497 1690 534 1762 8<
559 1689 711 1765 essionis
739 1690 934 1791 requiritur
962 1694 1004 1765 ad
1036 1692 1285 1765 A&Bs1mus
1312 1719 1418 1793 quam
1438 1695 1483 1770 ad

177 1798 218 1873 A
243 1815 394 1880 tautum,
421 1788 457 1862 id
485 1786 553 1879 est,
581 1789 642 1862 ubi
668 1789 744 1888 plus
771 1788 817 1860 est
845 1789 1045 1862 varietatis.
1077 1789 1202 1885 Major
1220 1817 1336 1864 autern
1357 1793 1404 1863 est
1423 1819 1484 1867 va·

174 1892 289 1965 rietas
311 1889 343 1964 iu
367 1888 565 1965 mutatione
591 1913 697 1989 quam
716 1887 755 1961 in
774 1885 1045 1961 conservatione
1063 1890 1152 1961 loci.
1182 1890 1364 1988 Pergitur:
1393 1893 1482 1964 Nus-

163 1992 204 2062 la
230 2016 319 2086 ergo.
334 1990 465 2064 viderur
490 1990 604 2080 tario,
638 2013 696 2060 cvr
723 1991 816 2059 Deus
851 2006 972 2059 morunt
1005 2016 1065 2061 non
1098 2015 1178 2060 vero
1205 1994 1345 2085 quietern
1380 1993 1481 2062 inrer-

161 2110 273 2161 ventu
300 2091 353 2163 vis
376 2091 523 2177 alicuius
548 2108 661 2161 treatae
683 2088 907 2184 produceret.
933 2087 1179 2185 Respondetur
1205 2119 1214 2160 ε
1242 2098 1257 2178 (
1281 2100 1352 2180 ¹5)
1379 2092 1482 2163 Deut

157 2214 284 2264 revera
312 2188 425 2263 etiam
452 2187 609 2289 quietem
636 2188 674 2261 in
701 2186 756 2261 his
783 2213 859 2288 quae
885 2211 1100 2278 moventur,
1129 2214 1199 2260 non
1230 2190 1346 2261 minuc
1372 2216 1482 2287 quana

20 2348 22 2363 t
160 2309 304 2362 motum
331 2289 370 2365 in
399 2288 455 2361 his
480 2313 555 2385 quae
578 2285 785 2387 quiescunt,
811 2312 878 2384 ope
897 2286 951 2359 vis
968 2312 1092 2360 creatae
1113 2288 1294 2384 producit.
1323 2290 1396 2377 Et(
1413 2296 1479 2377 16)

156 2389 253 2486 quod
283 2387 419 2467 attinet
448 2384 770 2485 perseverationem
809 2386 969 2483 corporis
996 2385 1032 2457 in
1062 2386 1179 2477 statu,
1215 2387 1403 2460 dicendum
1431 2386 1480 2459 est

158 2511 290 2587 eorpus
315 2514 379 2586 per
412 2486 565 2559 inertiam
592 2487 771 2557 naturalem
807 2484 981 2559 etiamad
1009 2484 1165 2584 quietem
1191 2488 1480 2559 conservandam

154 2589 332 2676 tendere,
359 2612 424 2660 nec
451 2585 512 2660 ubi
538 2583 644 2659 semel
660 2583 831 2695 quiescit,
858 2585 899 2659 td
918 2608 1055 2658 motum
1077 2586 1110 2657 δι
1131 2585 1287 2683 quietem
1308 2587 1407 2685 plane
1426 2585 1481 2657 in·

159 2683 337 2755 differens
363 2685 430 2754 esse
457 2681 584 2779 :quin
612 2705 730 2777 potrus
755 2703 859 2753 tanto
886 2682 997 2775 magis
1023 2707 1219 2779 repugnare
1247 2687 1360 2758 motui
1380 2711 1477 2760 uovo
1504 2686 1574 2773 1³²3·
1587 2707 1659 2770 403·

161 2799 310 2877 quanto
335 2777 366 2848 is
390 2776 439 2849 est
463 2776 630 2867 major..
1049 2818 1052 2823 -
1093 2816 1097 2825 ι

213 2874 379 2973 Superest
406 2899 445 2947 ut
472 2872 671 2962 videamus,
697 2872 878 2975 quomodo
893 2872 1082 2954 CLAutor
1101 2879 1371 2960 Elementorum
1391 2886 1479 2989 phy·

161 2975 315 3050 ficorum
341 2970 398 3068 res
442 2969 550 3047 odeat
575 2995 809 3071 argumento,
837 2973 934 3072 cujus
960 2974 1019 3049 hic
1046 2979 1275 3059 meminimus
1298 3012 1393 3060 num.
1422 3013 1478 3082 13.

161 3073 264 3151 Huic
282 3098 368 3174 ergo
409 3069 592 3148 atisfacetc
619 3095 768 3148 conatur
793 3072 863 3149 boc
888 3077 999 3149 modo
1025 3103 1101 3178 pag.
1120 3089 1201 3174 938.
1227 3082 1320 3184 seqq,
1348 3090 1480 3158 Noran-

161 3176 241 3247 dnm
266 3171 448 3271 (inquit)
474 3170 532 3243 hic
556 3168 616 3263 offe
640 3173 754 3270 censui
778 3168 1037 3274 argmentnrn,
1074 3182 1165 3273 quod
1190 3181 1326 3266 illustres
1349 3187 1478 3258 Leibni-

164 3277 227 3351 rius
252 3275 288 3345 in
314 3270 408 3346 assita
433 3272 541 3346 Erud.
567 3271 683 3368 Le'pfiae
707 3300 792 3349 anno
824 3283 925 3365 1698.
944 3277 1057 3369 Mense
1072 3281 1256 3373 Septembri
1273 3303 1391 3375 urget,
1417 3284 1479 3369 nist

161 3375 199 3449 ἐκ
224 3376 411 3473 corporibus
435 3378 531 3447 motis
556 3376 613 3445 vit
639 3376 757 3445 moerin
784 3375 902 3465 adstt,
934 3377 1059 3446 nussam
1093 3379 1180 3450 inter
1206 3402 1341 3475 conpara
1368 3382 1402 3450 in
1428 3385 1479 3452 in,-

154 3473 261 3562 annrt'
286 3473 523 3564 distinfiivnrm
550 3471 593 3541 (Υ
607 3491 667 3569 per
693 3476 887 3570 consequens
912 3475 1019 3545 nullos
1045 3484 1329 3570 vetas'rertninos,
1355 3480 1480 3552 nussam

158 3600 275 3648 verant
297 3574 444 3675 figuram
468 3575 572 3666 ndcffr
594 3574 712 3668 poffe,
745 3576 838 3645 nnsis
862 3575 1050 3645 nullatenus
1083 3575 1233 3660 obstare.
1259 3587 1352 3669 (¹7)
1380 3579 1480 3671 Nifi,

157 3676 273 3771 inquit
289 3679 347 3748 Vir
365 3674 626 3763 celeberrimus,
653 3696 780 3771 corpur
804 3674 901 3773 quod
930 3669 1095 3771 prasente
1112 3672 1164 3746 sui
1181 3697 1301 3749 motus
1319 3703 1478 3754 momen·

162 3797 203 3851 to
229 3774 317 3849 inest
345 3776 384 3848 io
410 3776 494 3847 loco
519 3772 582 3847 fibi
605 3772 1087 3870 commensuratorpraetcrea
1114 3798 1283 3847 conatum
1310 3774 1438 3852 habeat
1464 3833 1477 3873 ,

158 3872 217 3948 seu
245 3874 361 3949 nisum
397 3871 558 3948 mutandi
585 3871 741 3958 locumr
777 3871 826 3946 ita
854 3896 893 3945 ut
919 3871 1025 3944 status
1057 3872 1202 3972 sequens
1238 3900 1282 3948 ex
1317 3878 1478 3974 presenti

161 4001 223 4075 per
250 3972 284 4049 se
309 3998 443 4051 naturai
470 3971 509 4045 vi
535 3969 796 4070 consequatur:
825 3969 1017 4047 necessario
1042 3997 1170 4069 corpus
1196 3978 1255 4063 A,
1281 3978 1376 4073 quod
1401 4003 1477 4050 mo»

155 4096 288 4168 vetur,
313 4102 334 4150 tt
360 4098 510 4174 corpore
535 4080 564 4149 B
588 4079 603 4160 (
623 4069 724 4143 simili
743 4070 777 4145 δι
796 4071 919 4170 aquosi
942 4080 957 4161 )
984 4069 1183 4170 quiescente
1212 4074 1376 4172 prasente
1400 4101 1477 4147 mo·

161 4190 291 4251 mento
317 4173 409 4249 nihil
436 4170 596 4249 disseret.
624 4172 676 4245 Et
703 4167 918 4270 consequens
945 4172 1036 4261 eric,
1063 4173 1199 4245 nussum
1229 4173 1330 4269 plane
1357 4173 1477 4246 discri-

157 4301 243 4351 men
271 4275 318 4351 in.
337 4272 546 4372 corporibus
571 4269 675 4360 sore,
727 4269 989 4369 uaudoquidem
1014 4273 1054 4345 in
1083 4274 1189 4366 pleno
1208 4270 1396 4345 uniformis
1416 4297 1476 4369 per

159 4374 196 4449 se
222 4377 335 4451 massar
361 4373 570 4462 discrimen,
597 4367 661 4445 nin
685 4295 729 4447 a}
755 4396 799 4443 eo
825 4370 921 4469 quod
948 4396 1087 4444 motum
1107 4369 1267 4465 respicit,
1294 4368 1382 4440 sumi
1403 4397 1477 4445 non

158 4474 277 4590 potest
304 4477 370 4548 &o
397 4477 443 4545 Er
464 4492 563 4567 porro
586 4470 689 4545 satine
712 4468 853 4557 olirndtr
879 4468 1105 4547 successivam
1133 4493 1274 4542 tantum
1302 4466 1354 4539 rei
1372 4472 1476 4544 oto'tae

153 4601 199 4655 tn
226 4573 371 4651 dinetus
395 4573 485 4651 locis
511 4570 733 4651 existentiam
760 4569 886 4645 nussam
912 4572 1058 4746 conpage
1083 4570 1162 4642 mori
1186 4570 1229 4640 ab
1255 4565 1332 4640 asiis
1355 4568 1475 4739 g'ffi'*

233 4683 236 4687 ’
262 4679 357 4750 Tan.
383 4677 419 4751 V.
1386 4694 1433 4740 to·
