<?xml version="1.0" encoding="UTF-8"?>
<!DOCTYPE html PUBLIC "-//W3C//DTD XHTML 1.0 Transitional//EN"
    "http://www.w3.org/TR/xhtml1/DTD/xhtml1-transitional.dtd">
<html xmlns="http://www.w3.org/1999/xhtml" xml:lang="en" lang="en">
 <head>
  <title>
</title>
<meta http-equiv="Content-Type" content="text/html;charset=utf-8" />
  <meta name='ocr-system' content='tesseract 3.04.00' />
  <meta name='ocr-capabilities' content='ocr_page ocr_carea ocr_par ocr_line ocrx_word'/>
</head>
<body>
  <div class='ocr_page' id='page_1' title='image "./opusculaomniaac00erudgoog/opusculaomniaac00erudgoog_0393.png"; bbox 0 0 3709 5434; ppageno 0'>
   <div class='ocr_carea' id='block_1_1' title="bbox 389 213 1366 371">
    <p class='ocr_par' dir='ltr' id='par_1_1' title="bbox 389 213 1366 371">
     <span class='ocr_line' id='line_1_1' title="bbox 389 213 1366 371; baseline 0.009 -50"><span class='ocrx_word' id='word_1_1' title='bbox 389 213 1366 371; x_wconf 62' lang='lat' dir='ltr'>Eaan1aoaan.3m</span> 
     </span>
    </p>
   </div>
   <div class='ocr_carea' id='block_1_2' title="bbox 167 908 1377 1049">
    <p class='ocr_par' dir='ltr' id='par_1_2' title="bbox 167 908 1377 1049">
     <span class='ocr_line' id='line_1_2' title="bbox 167 908 1377 1049; baseline 0.009 -30"><span class='ocrx_word' id='word_1_2' title='bbox 167 933 244 1049; x_wconf 81' lang='lat' dir='ltr'>Jo.</span> <span class='ocrx_word' id='word_1_3' title='bbox 277 933 363 1016; x_wconf 81' lang='lat' dir='ltr'>Fa.</span> <span class='ocrx_word' id='word_1_4' title='bbox 397 928 682 1011; x_wconf 77' lang='lat' dir='ltr'>Wntotent</span> <span class='ocrx_word' id='word_1_5' title='bbox 726 928 909 1017; x_wconf 77' lang='lat' dir='ltr'>Maru.</span> <span class='ocrx_word' id='word_1_6' title='bbox 948 930 1107 1017; x_wconf 72' lang='lat' dir='ltr'>Pron.</span> <span class='ocrx_word' id='word_1_7' title='bbox 1141 908 1377 1029; x_wconf 71' lang='lat' dir='ltr'>Vtram.</span> 
     </span>
    </p>
   </div>
   <div class='ocr_carea' id='block_1_3' title="bbox 182 1128 1207 1251">
    <p class='ocr_par' dir='ltr' id='par_1_3' title="bbox 182 1128 1207 1251">
     <span class='ocr_line' id='line_1_3' title="bbox 182 1128 1207 1251; baseline 0.007 -34"><span class='ocrx_word' id='word_1_8' title='bbox 182 1145 188 1157; x_wconf 65' lang='grc'><strong><em>’</em></strong></span> <span class='ocrx_word' id='word_1_9' title='bbox 334 1130 401 1219; x_wconf 78' lang='lat' dir='ltr'>aa</span> <span class='ocrx_word' id='word_1_10' title='bbox 434 1132 487 1215; x_wconf 88' lang='lat' dir='ltr'>D.</span> <span class='ocrx_word' id='word_1_11' title='bbox 524 1134 559 1246; x_wconf 88' lang='lat' dir='ltr'>J.</span> <span class='ocrx_word' id='word_1_12' title='bbox 597 1133 642 1215; x_wconf 76' lang='lat' dir='ltr'>a</span> <span class='ocrx_word' id='word_1_13' title='bbox 676 1128 745 1216; x_wconf 70' lang='lat' dir='ltr'>&lt;ne</span> <span class='ocrx_word' id='word_1_14' title='bbox 786 1161 856 1243; x_wconf 85' lang='lat'>14.</span> <span class='ocrx_word' id='word_1_15' title='bbox 891 1134 1028 1251; x_wconf 74' lang='lat' dir='ltr'>apra.</span> <span class='ocrx_word' id='word_1_16' title='bbox 1062 1132 1207 1248; x_wconf 65' lang='lat' dir='ltr'>aava,</span> 
     </span>
    </p>
   </div>
   <div class='ocr_carea' id='block_1_4' title="bbox 133 1334 1405 1577">
    <p class='ocr_par' dir='ltr' id='par_1_4' title="bbox 133 1334 1405 1577">
     <span class='ocr_line' id='line_1_4' title="bbox 133 1334 1405 1469; baseline 0.008 -42"><span class='ocrx_word' id='word_1_17' title='bbox 133 1348 196 1427; x_wconf 86' lang='lat' dir='ltr'>De</span> <span class='ocrx_word' id='word_1_18' title='bbox 234 1347 391 1427; x_wconf 78' lang='lat' dir='ltr'>Aurora</span> <span class='ocrx_word' id='word_1_19' title='bbox 429 1334 594 1426; x_wconf 81' lang='lat' dir='ltr'>Bareali</span> <span class='ocrx_word' id='word_1_20' title='bbox 634 1339 887 1457; x_wconf 80' lang='lat' dir='ltr'>Virrmbergae</span> <span class='ocrx_word' id='word_1_21' title='bbox 926 1342 974 1427; x_wconf 78' lang='lat' dir='ltr'>in</span> <span class='ocrx_word' id='word_1_22' title='bbox 1002 1342 1324 1469; x_wconf 57' lang='lat' dir='ltr'>Senonibutsdie</span> <span class='ocrx_word' id='word_1_23' title='bbox 1353 1357 1405 1438; x_wconf 86' lang='lat' dir='ltr'>X.</span> 
     </span>
     <span class='ocr_line' id='line_1_5' title="bbox 365 1453 1106 1577; baseline 0.011 -37"><span class='ocrx_word' id='word_1_24' title='bbox 365 1480 371 1493; x_wconf 82' lang='grc'><em>“</em></span> <span class='ocrx_word' id='word_1_25' title='bbox 562 1453 726 1577; x_wconf 76' lang='lat' dir='ltr'><em>Aprilis</em></span> <span class='ocrx_word' id='word_1_26' title='bbox 750 1460 989 1574; x_wconf 78' lang='lat' dir='ltr'>observata.</span> <span class='ocrx_word' id='word_1_27' title='bbox 1104 1504 1106 1509; x_wconf 90' lang='lat'><em>·</em></span> 
     </span>
    </p>
   </div>
   <div class='ocr_carea' id='block_1_5' title="bbox 80 1651 1711 4672">
    <p class='ocr_par' dir='ltr' id='par_1_5' title="bbox 112 1651 1435 1821">
     <span class='ocr_line' id='line_1_6' title="bbox 112 1651 1435 1821; baseline 0.009 -95"><span class='ocrx_word' id='word_1_28' title='bbox 112 1653 258 1821; x_wconf 84' lang='lat' dir='ltr'>Dler</span> <span class='ocrx_word' id='word_1_29' title='bbox 285 1675 362 1728; x_wconf 90' lang='lat' dir='ltr'>erat</span> <span class='ocrx_word' id='word_1_30' title='bbox 390 1651 531 1755; x_wconf 85' lang='lat' dir='ltr'>Aprilis</span> <span class='ocrx_word' id='word_1_31' title='bbox 564 1652 753 1745; x_wconf 88' lang='lat' dir='ltr'>decimus,</span> <span class='ocrx_word' id='word_1_32' title='bbox 785 1679 860 1755; x_wconf 89' lang='lat' dir='ltr'>qno</span> <span class='ocrx_word' id='word_1_33' title='bbox 885 1676 970 1730; x_wconf 89' lang='lat' dir='ltr'>toto</span> <span class='ocrx_word' id='word_1_34' title='bbox 1006 1657 1110 1732; x_wconf 86' lang='lat' dir='ltr'>nobis</span> <span class='ocrx_word' id='word_1_35' title='bbox 1137 1657 1435 1759; x_wconf 85' lang='lat' dir='ltr'>Borrbapeliotee</span> 
     </span>
    </p>

    <p class='ocr_par' dir='ltr' id='par_1_6' title="bbox 223 1752 1434 1854">
     <span class='ocr_line' id='line_1_7' title="bbox 223 1752 1434 1854; baseline 0.009 -27"><span class='ocrx_word' id='word_1_36' title='bbox 223 1756 309 1844; x_wconf 84' lang='lat' dir='ltr'>(N.</span> <span class='ocrx_word' id='word_1_37' title='bbox 331 1760 377 1830; x_wconf 90' lang='grc'>0.</span> <span class='ocrx_word' id='word_1_38' title='bbox 408 1753 621 1848; x_wconf 80' lang='lat' dir='ltr'>&gt;leniffime</span> <span class='ocrx_word' id='word_1_39' title='bbox 647 1752 785 1852; x_wconf 82' lang='lat' dir='ltr'>spirant</span> <span class='ocrx_word' id='word_1_40' title='bbox 812 1781 1054 1854; x_wconf 82' lang='lat' dir='ltr'>peramoenam</span> <span class='ocrx_word' id='word_1_41' title='bbox 1082 1758 1312 1833; x_wconf 79' lang='lat' dir='ltr'>serenitatem</span> <span class='ocrx_word' id='word_1_42' title='bbox 1339 1785 1434 1839; x_wconf 86' lang='lat' dir='ltr'>attu-</span> 
     </span>
    </p>

    <p class='ocr_par' dir='ltr' id='par_1_7' title="bbox 115 1855 1433 1955">
     <span class='ocr_line' id='line_1_8' title="bbox 115 1855 1433 1955; baseline 0.008 -28"><span class='ocrx_word' id='word_1_43' title='bbox 115 1855 216 1945; x_wconf 88' lang='lat' dir='ltr'>lerat,</span> <span class='ocrx_word' id='word_1_44' title='bbox 246 1876 356 1955; x_wconf 84' lang='lat' dir='ltr'>atque</span> <span class='ocrx_word' id='word_1_45' title='bbox 383 1855 633 1930; x_wconf 79' lang='lat' dir='ltr'>mercurialem</span> <span class='ocrx_word' id='word_1_46' title='bbox 663 1856 859 1941; x_wconf 82' lang='lat' dir='ltr'>barnmetri</span> <span class='ocrx_word' id='word_1_47' title='bbox 887 1859 1115 1949; x_wconf 84' lang='lat' dir='ltr'>columnam,</span> <span class='ocrx_word' id='word_1_48' title='bbox 1141 1860 1238 1933; x_wconf 86' lang='lat' dir='ltr'>ultra</span> <span class='ocrx_word' id='word_1_49' title='bbox 1262 1858 1433 1939; x_wconf 90' lang='lat' dir='ltr'>serenita-</span> 
     </span>
    </p>

    <p class='ocr_par' dir='ltr' id='par_1_8' title="bbox 105 1954 1433 2256">
     <span class='ocr_line' id='line_1_9' title="bbox 112 1954 1433 2061; baseline 0.008 -34"><span class='ocrx_word' id='word_1_50' title='bbox 112 1954 149 2028; x_wconf 83' lang='lat' dir='ltr'>tis</span> <span class='ocrx_word' id='word_1_51' title='bbox 174 1954 400 2048; x_wconf 85' lang='lat' dir='ltr'>terminum,</span> <span class='ocrx_word' id='word_1_52' title='bbox 427 1980 534 2059; x_wconf 89' lang='lat' dir='ltr'>quem</span> <span class='ocrx_word' id='word_1_53' title='bbox 562 1955 621 2029; x_wconf 87' lang='lat' dir='ltr'>ltic</span> <span class='ocrx_word' id='word_1_54' title='bbox 649 1980 846 2048; x_wconf 86' lang='lat' dir='ltr'>notamus,</span> <span class='ocrx_word' id='word_1_55' title='bbox 873 1957 1046 2033; x_wconf 88' lang='lat' dir='ltr'>nimirum</span> <span class='ocrx_word' id='word_1_56' title='bbox 1077 1985 1122 2051; x_wconf 83' lang='lat'>29</span> <span class='ocrx_word' id='word_1_57' title='bbox 1150 1958 1305 2059; x_wconf 77' lang='lat' dir='ltr'>digitum</span> <span class='ocrx_word' id='word_1_58' title='bbox 1334 1961 1433 2061; x_wconf 75' lang='lat' dir='ltr'>pedis</span> 
     </span>
     <span class='ocr_line' id='line_1_10' title="bbox 110 2055 1432 2161; baseline 0.007 -32"><span class='ocrx_word' id='word_1_59' title='bbox 110 2055 263 2131; x_wconf 84' lang='lat' dir='ltr'>Rotnani</span> <span class='ocrx_word' id='word_1_60' title='bbox 293 2057 548 2159; x_wconf 86' lang='lat' dir='ltr'>completum,</span> <span class='ocrx_word' id='word_1_61' title='bbox 574 2079 767 2131; x_wconf 77' lang='lat' dir='ltr'>evexerat.</span> <span class='ocrx_word' id='word_1_62' title='bbox 795 2060 1017 2160; x_wconf 82' lang='lat' dir='ltr'><strong>Quanquam</strong></span> <span class='ocrx_word' id='word_1_63' title='bbox 1042 2082 1162 2134; x_wconf 88' lang='lat' dir='ltr'>autem</span> <span class='ocrx_word' id='word_1_64' title='bbox 1189 2083 1267 2133; x_wconf 83' lang='lat' dir='ltr'>erat</span> <span class='ocrx_word' id='word_1_65' title='bbox 1292 2060 1432 2161; x_wconf 84' lang='lat' dir='ltr'>vesperi</span> 
     </span>
     <span class='ocr_line' id='line_1_11' title="bbox 105 2152 1430 2256; baseline 0.008 -28"><span class='ocrx_word' id='word_1_66' title='bbox 105 2152 367 2256; x_wconf 81' lang='lat' dir='ltr'>stigidiurculur</span> <span class='ocrx_word' id='word_1_67' title='bbox 393 2156 456 2231; x_wconf 91' lang='lat' dir='ltr'>ille</span> <span class='ocrx_word' id='word_1_68' title='bbox 481 2180 640 2247; x_wconf 78' lang='lat' dir='ltr'>ventas,</span> <span class='ocrx_word' id='word_1_69' title='bbox 676 2154 906 2232; x_wconf 82' lang='lat' dir='ltr'>serenitatem</span> <span class='ocrx_word' id='word_1_70' title='bbox 935 2182 1057 2233; x_wconf 88' lang='lat' dir='ltr'>tamen</span> <span class='ocrx_word' id='word_1_71' title='bbox 1086 2161 1168 2234; x_wconf 88' lang='lat' dir='ltr'>coeli</span> <span class='ocrx_word' id='word_1_72' title='bbox 1194 2157 1430 2237; x_wconf 83' lang='lat' dir='ltr'>constantisfi·</span> 
     </span>
    </p>

    <p class='ocr_par' dir='ltr' id='par_1_9' title="bbox 105 2257 1430 2361">
     <span class='ocr_line' id='line_1_12' title="bbox 105 2257 1430 2361; baseline 0.007 -33"><span class='ocrx_word' id='word_1_73' title='bbox 105 2280 194 2330; x_wconf 86' lang='lat' dir='ltr'>mam</span> <span class='ocrx_word' id='word_1_74' title='bbox 224 2257 336 2333; x_wconf 74' lang='lat' dir='ltr'>nolin</span> <span class='ocrx_word' id='word_1_75' title='bbox 362 2282 507 2361; x_wconf 89' lang='lat' dir='ltr'>quoque</span> <span class='ocrx_word' id='word_1_76' title='bbox 534 2257 781 2332; x_wconf 86' lang='lat' dir='ltr'>conservavit.</span> <span class='ocrx_word' id='word_1_77' title='bbox 810 2261 914 2332; x_wconf 86' lang='lat' dir='ltr'>Hora</span> <span class='ocrx_word' id='word_1_78' title='bbox 942 2285 1032 2333; x_wconf 86' lang='lat' dir='ltr'>vero</span> <span class='ocrx_word' id='word_1_79' title='bbox 1049 2262 1099 2333; x_wconf 86' lang='lat' dir='ltr'>lx</span> <span class='ocrx_word' id='word_1_80' title='bbox 1116 2286 1162 2334; x_wconf 91' lang='lat' dir='ltr'>m.</span> <span class='ocrx_word' id='word_1_81' title='bbox 1179 2286 1227 2358; x_wconf 82' lang='lat'>45</span> <span class='ocrx_word' id='word_1_82' title='bbox 1255 2285 1337 2335; x_wconf 82' lang='lat' dir='ltr'>eunt</span> <span class='ocrx_word' id='word_1_83' title='bbox 1356 2263 1430 2338; x_wconf 87' lang='lat' dir='ltr'>for·</span> 
     </span>
    </p>

    <p class='ocr_par' dir='ltr' id='par_1_10' title="bbox 103 2356 1428 2461">
     <span class='ocr_line' id='line_1_13' title="bbox 103 2356 1428 2461; baseline 0.009 -33"><span class='ocrx_word' id='word_1_84' title='bbox 103 2378 135 2429; x_wconf 92' lang='lat' dir='ltr'>te</span> <span class='ocrx_word' id='word_1_85' title='bbox 160 2356 308 2431; x_wconf 81' lang='lat' dir='ltr'>fortuna</span> <span class='ocrx_word' id='word_1_86' title='bbox 335 2366 448 2460; x_wconf 88' lang='lat' dir='ltr'>prope</span> <span class='ocrx_word' id='word_1_87' title='bbox 475 2356 658 2433; x_wconf 77' lang='lat' dir='ltr'>conclavis</span> <span class='ocrx_word' id='word_1_88' title='bbox 686 2357 966 2458; x_wconf 87' lang='lat' dir='ltr'>hypaquilonem</span> <span class='ocrx_word' id='word_1_89' title='bbox 994 2363 1079 2449; x_wconf 91' lang='lat' dir='ltr'>(N.</span> <span class='ocrx_word' id='word_1_90' title='bbox 1098 2365 1147 2436; x_wconf 90' lang='lat' dir='ltr'>G.</span> <span class='ocrx_word' id='word_1_91' title='bbox 1166 2366 1215 2433; x_wconf 83' lang='lat' dir='ltr'>O.</span> <span class='ocrx_word' id='word_1_92' title='bbox 1234 2370 1249 2450; x_wconf 95' lang='lat'>)</span> <span class='ocrx_word' id='word_1_93' title='bbox 1266 2360 1428 2461; x_wconf 73' lang='lat' dir='ltr'>speblan-</span> 
     </span>
    </p>

    <p class='ocr_par' dir='ltr' id='par_1_11' title="bbox 97 2454 1428 2753">
     <span class='ocr_line' id='line_1_14' title="bbox 101 2454 1426 2561; baseline 0.009 -33"><span class='ocrx_word' id='word_1_94' title='bbox 101 2455 172 2547; x_wconf 76' lang='grc' dir='ltr'>εἰς,</span> <span class='ocrx_word' id='word_1_95' title='bbox 206 2454 397 2532; x_wconf 80' lang='lat' dir='ltr'>fenestram</span> <span class='ocrx_word' id='word_1_96' title='bbox 425 2457 668 2547; x_wconf 73' lang='lat' dir='ltr'>constitutur,</span> <span class='ocrx_word' id='word_1_97' title='bbox 703 2458 908 2532; x_wconf 72' lang='lat' dir='ltr'>inusitatam</span> <span class='ocrx_word' id='word_1_98' title='bbox 935 2460 1265 2534; x_wconf 80' lang='lat' dir='ltr'>animadverterem</span> <span class='ocrx_word' id='word_1_99' title='bbox 1290 2461 1426 2561; x_wconf 88' lang='lat' dir='ltr'>septen·</span> 
     </span>
     <span class='ocr_line' id='line_1_15' title="bbox 98 2556 1427 2656; baseline 0.008 -29"><span class='ocrx_word' id='word_1_100' title='bbox 98 2556 265 2633; x_wconf 86' lang='lat' dir='ltr'>ttionalis</span> <span class='ocrx_word' id='word_1_101' title='bbox 295 2558 404 2656; x_wconf 84' lang='lat' dir='ltr'>plaga</span> <span class='ocrx_word' id='word_1_102' title='bbox 423 2556 659 2644; x_wconf 82' lang='lat' dir='ltr'>claritatem,</span> <span class='ocrx_word' id='word_1_103' title='bbox 685 2557 905 2652; x_wconf 82' lang='lat' dir='ltr'>prospiciens</span> <span class='ocrx_word' id='word_1_104' title='bbox 933 2558 1103 2629; x_wconf 73' lang='lat' dir='ltr'>curiosius</span> <span class='ocrx_word' id='word_1_105' title='bbox 1129 2559 1231 2630; x_wconf 88' lang='lat' dir='ltr'>brevi</span> <span class='ocrx_word' id='word_1_106' title='bbox 1256 2584 1427 2637; x_wconf 86' lang='lat' dir='ltr'>auroram</span> 
     </span>
     <span class='ocr_line' id='line_1_16' title="bbox 97 2652 1428 2753; baseline 0.004 -24"><span class='ocrx_word' id='word_1_107' title='bbox 97 2654 277 2731; x_wconf 79' lang='lat' dir='ltr'>borealem</span> <span class='ocrx_word' id='word_1_108' title='bbox 307 2654 391 2728; x_wconf 83' lang='lat' dir='ltr'>satis</span> <span class='ocrx_word' id='word_1_109' title='bbox 418 2652 612 2741; x_wconf 82' lang='lat' dir='ltr'>illustrem,</span> <span class='ocrx_word' id='word_1_110' title='bbox 639 2653 693 2723; x_wconf 90' lang='lat' dir='ltr'>illi</span> <span class='ocrx_word' id='word_1_111' title='bbox 721 2675 864 2740; x_wconf 88' lang='lat' dir='ltr'>tamen,</span> <span class='ocrx_word' id='word_1_112' title='bbox 890 2677 967 2753; x_wconf 84' lang='lat' dir='ltr'>quae</span> <span class='ocrx_word' id='word_1_113' title='bbox 995 2655 1186 2750; x_wconf 85' lang='lat' dir='ltr'>superioris</span> <span class='ocrx_word' id='word_1_114' title='bbox 1212 2655 1300 2727; x_wconf 92' lang='lat' dir='ltr'>anni</span> <span class='ocrx_word' id='word_1_115' title='bbox 1326 2683 1428 2734; x_wconf 85' lang='lat' dir='ltr'>men·</span> 
     </span>
    </p>

    <p class='ocr_par' dir='ltr' id='par_1_12' title="bbox 93 2748 1429 2855">
     <span class='ocr_line' id='line_1_17' title="bbox 93 2748 1429 2855; baseline -0.007 -27"><span class='ocrx_word' id='word_1_116' title='bbox 93 2754 128 2829; x_wconf 89' lang='lat' dir='ltr'>se</span> <span class='ocrx_word' id='word_1_117' title='bbox 159 2756 309 2830; x_wconf 88' lang='lat' dir='ltr'>Martio</span> <span class='ocrx_word' id='word_1_118' title='bbox 336 2753 556 2855; x_wconf 76' lang='lat' dir='ltr'>conspebla,</span> <span class='ocrx_word' id='word_1_119' title='bbox 583 2750 738 2851; x_wconf 84' lang='lat' dir='ltr'>alibique</span> <span class='ocrx_word' id='word_1_120' title='bbox 765 2776 785 2824; x_wconf 88' lang='lat' dir='ltr'>a</span> <span class='ocrx_word' id='word_1_121' title='bbox 812 2777 868 2824; x_wconf 91' lang='lat' dir='ltr'>me</span> <span class='ocrx_word' id='word_1_122' title='bbox 896 2749 1072 2849; x_wconf 84' lang='lat' dir='ltr'>descripta</span> <span class='ocrx_word' id='word_1_123' title='bbox 1099 2748 1179 2842; x_wconf 84' lang='lat' dir='ltr'>est,</span> <span class='ocrx_word' id='word_1_124' title='bbox 1207 2776 1332 2850; x_wconf 88' lang='lat' dir='ltr'>parum</span> <span class='ocrx_word' id='word_1_125' title='bbox 1362 2757 1429 2831; x_wconf 89' lang='lat' dir='ltr'>ful.</span> 
     </span>
    </p>

    <p class='ocr_par' dir='ltr' id='par_1_13' title="bbox 91 2851 1427 3055">
     <span class='ocr_line' id='line_1_18' title="bbox 94 2851 1427 2954; baseline 0.002 -27"><span class='ocrx_word' id='word_1_126' title='bbox 94 2880 183 2954; x_wconf 89' lang='lat' dir='ltr'>gore</span> <span class='ocrx_word' id='word_1_127' title='bbox 212 2853 451 2946; x_wconf 82' lang='lat' dir='ltr'>inferiorem,</span> <span class='ocrx_word' id='word_1_128' title='bbox 479 2851 713 2949; x_wconf 83' lang='lat' dir='ltr'>deprehendi.</span> <span class='ocrx_word' id='word_1_129' title='bbox 740 2856 856 2925; x_wconf 85' lang='lat' dir='ltr'>Arcus</span> <span class='ocrx_word' id='word_1_130' title='bbox 873 2877 1001 2948; x_wconf 85' lang='lat' dir='ltr'>nempe</span> <span class='ocrx_word' id='word_1_131' title='bbox 1020 2851 1225 2949; x_wconf 82' lang='lat' dir='ltr'>sexaginta,</span> <span class='ocrx_word' id='word_1_132' title='bbox 1250 2878 1427 2954; x_wconf 87' lang='lat' dir='ltr'>quantum</span> 
     </span>
     <span class='ocr_line' id='line_1_19' title="bbox 91 2950 1425 3055; baseline 0.002 -26"><span class='ocrx_word' id='word_1_133' title='bbox 91 2951 244 3029; x_wconf 88' lang='lat' dir='ltr'>definire</span> <span class='ocrx_word' id='word_1_134' title='bbox 270 2954 398 3055; x_wconf 89' lang='lat' dir='ltr'>potui,</span> <span class='ocrx_word' id='word_1_135' title='bbox 425 2954 622 3054; x_wconf 88' lang='lat' dir='ltr'>graduum,</span> <span class='ocrx_word' id='word_1_136' title='bbox 647 2950 712 3022; x_wconf 90' lang='lat' dir='ltr'>tali</span> <span class='ocrx_word' id='word_1_137' title='bbox 740 2974 852 3048; x_wconf 88' lang='lat' dir='ltr'>prope</span> <span class='ocrx_word' id='word_1_138' title='bbox 881 2950 1110 3023; x_wconf 83' lang='lat' dir='ltr'>horizontem</span> <span class='ocrx_word' id='word_1_139' title='bbox 1140 2951 1264 3025; x_wconf 89' lang='lat' dir='ltr'>nitore</span> <span class='ocrx_word' id='word_1_140' title='bbox 1292 2957 1425 3033; x_wconf 81' lang='lat' dir='ltr'>emita·</span> 
     </span>
    </p>

    <p class='ocr_par' dir='ltr' id='par_1_14' title="bbox 80 3049 1424 3250">
     <span class='ocr_line' id='line_1_20' title="bbox 91 3049 1424 3154; baseline 0.003 -26"><span class='ocrx_word' id='word_1_141' title='bbox 91 3055 173 3143; x_wconf 88' lang='lat' dir='ltr'>bat,</span> <span class='ocrx_word' id='word_1_142' title='bbox 198 3055 263 3154; x_wconf 87' lang='lat' dir='ltr'>qui</span> <span class='ocrx_word' id='word_1_143' title='bbox 283 3078 456 3152; x_wconf 76' lang='lat' dir='ltr'>crepera,</span> <span class='ocrx_word' id='word_1_144' title='bbox 485 3049 559 3148; x_wconf 82' lang='lat' dir='ltr'>poll</span> <span class='ocrx_word' id='word_1_145' title='bbox 577 3050 766 3125; x_wconf 89' lang='lat' dir='ltr'>occiduum</span> <span class='ocrx_word' id='word_1_146' title='bbox 784 3050 928 3140; x_wconf 86' lang='lat' dir='ltr'>Solem,</span> <span class='ocrx_word' id='word_1_147' title='bbox 953 3050 1086 3125; x_wconf 78' lang='lat' dir='ltr'>teliblae</span> <span class='ocrx_word' id='word_1_148' title='bbox 1102 3050 1176 3124; x_wconf 87' lang='lat' dir='ltr'>luci</span> <span class='ocrx_word' id='word_1_149' title='bbox 1190 3051 1336 3144; x_wconf 77' lang='lat' dir='ltr'>albida,</span> <span class='ocrx_word' id='word_1_150' title='bbox 1363 3082 1424 3132; x_wconf 78' lang='lat' dir='ltr'>cnr</span> 
     </span>
     <span class='ocr_line' id='line_1_21' title="bbox 80 3146 1422 3250; baseline 0.006 -23"><span class='ocrx_word' id='word_1_151' title='bbox 80 3154 225 3229; x_wconf 75' lang='lat' dir='ltr'>‘loribus</span> <span class='ocrx_word' id='word_1_152' title='bbox 253 3178 327 3228; x_wconf 88' lang='lat' dir='ltr'>non</span> <span class='ocrx_word' id='word_1_153' title='bbox 355 3149 523 3242; x_wconf 68' lang='lat' dir='ltr'>insella,</span> <span class='ocrx_word' id='word_1_154' title='bbox 560 3147 759 3223; x_wconf 76' lang='lat' dir='ltr'>simillimus</span> <span class='ocrx_word' id='word_1_155' title='bbox 786 3146 863 3224; x_wconf 88' lang='lat' dir='ltr'>ell.</span> <span class='ocrx_word' id='word_1_156' title='bbox 896 3153 1032 3224; x_wconf 86' lang='lat' dir='ltr'>Cetera</span> <span class='ocrx_word' id='word_1_157' title='bbox 1063 3176 1142 3250; x_wconf 87' lang='lat' dir='ltr'>pars</span> <span class='ocrx_word' id='word_1_158' title='bbox 1179 3154 1260 3225; x_wconf 88' lang='lat' dir='ltr'>coeli</span> <span class='ocrx_word' id='word_1_159' title='bbox 1297 3154 1422 3235; x_wconf 86' lang='lat' dir='ltr'>serena</span> 
     </span>
    </p>

    <p class='ocr_par' dir='ltr' id='par_1_15' title="bbox 97 3246 1421 3353">
     <span class='ocr_line' id='line_1_22' title="bbox 97 3246 1421 3353; baseline 0.001 -26"><span class='ocrx_word' id='word_1_160' title='bbox 97 3276 167 3329; x_wconf 87' lang='lat' dir='ltr'>etat</span> <span class='ocrx_word' id='word_1_161' title='bbox 194 3252 365 3328; x_wconf 82' lang='lat' dir='ltr'>&amp;stellis</span> <span class='ocrx_word' id='word_1_162' title='bbox 393 3250 621 3351; x_wconf 86' lang='lat' dir='ltr'>undiquaque</span> <span class='ocrx_word' id='word_1_163' title='bbox 647 3246 927 3323; x_wconf 80' lang='lat' dir='ltr'>scintillantibus</span> <span class='ocrx_word' id='word_1_164' title='bbox 954 3274 1107 3338; x_wconf 86' lang='lat' dir='ltr'>ornata,</span> <span class='ocrx_word' id='word_1_165' title='bbox 1134 3251 1375 3353; x_wconf 83' lang='lat' dir='ltr'>diffusumque</span> <span class='ocrx_word' id='word_1_166' title='bbox 1394 3285 1421 3334; x_wconf 83' lang='lat' dir='ltr'>a</span> 
     </span>
    </p>

    <p class='ocr_par' dir='ltr' id='par_1_16' title="bbox 95 3348 1423 3959">
     <span class='ocr_line' id='line_1_23' title="bbox 99 3348 1423 3447; baseline -0.002 -18"><span class='ocrx_word' id='word_1_167' title='bbox 99 3358 208 3431; x_wconf 86' lang='lat' dir='ltr'>Borea</span> <span class='ocrx_word' id='word_1_168' title='bbox 237 3378 368 3430; x_wconf 83' lang='lat' dir='ltr'>aurora</span> <span class='ocrx_word' id='word_1_169' title='bbox 396 3356 518 3424; x_wconf 89' lang='lat' dir='ltr'>lumen</span> <span class='ocrx_word' id='word_1_170' title='bbox 546 3349 597 3422; x_wconf 90' lang='lat' dir='ltr'>ita</span> <span class='ocrx_word' id='word_1_171' title='bbox 624 3348 814 3447; x_wconf 89' lang='lat' dir='ltr'>caliginem</span> <span class='ocrx_word' id='word_1_172' title='bbox 842 3349 1050 3445; x_wconf 79' lang='lat' dir='ltr'>diffipabat,</span> <span class='ocrx_word' id='word_1_173' title='bbox 1078 3374 1118 3423; x_wconf 87' lang='lat' dir='ltr'>ut</span> <span class='ocrx_word' id='word_1_174' title='bbox 1145 3352 1255 3423; x_wconf 89' lang='lat' dir='ltr'>etiam</span> <span class='ocrx_word' id='word_1_175' title='bbox 1283 3353 1423 3445; x_wconf 80' lang='lat' dir='ltr'>phano-</span> 
     </span>
     <span class='ocr_line' id='line_1_24' title="bbox 102 3447 1421 3550; baseline 0.001 -23"><span class='ocrx_word' id='word_1_176' title='bbox 102 3457 212 3550; x_wconf 89' lang='lat' dir='ltr'>meni,</span> <span class='ocrx_word' id='word_1_177' title='bbox 240 3479 345 3531; x_wconf 88' lang='lat' dir='ltr'>extra</span> <span class='ocrx_word' id='word_1_178' title='bbox 372 3452 538 3527; x_wconf 88' lang='lat' dir='ltr'>ordinem</span> <span class='ocrx_word' id='word_1_179' title='bbox 565 3449 738 3536; x_wconf 87' lang='lat' dir='ltr'>lucentis,</span> <span class='ocrx_word' id='word_1_180' title='bbox 765 3447 883 3546; x_wconf 88' lang='lat' dir='ltr'>ignari</span> <span class='ocrx_word' id='word_1_181' title='bbox 911 3448 1056 3547; x_wconf 85' lang='lat' dir='ltr'>vespera</span> <span class='ocrx_word' id='word_1_182' title='bbox 1074 3451 1215 3525; x_wconf 89' lang='lat' dir='ltr'>laudata</span> <span class='ocrx_word' id='word_1_183' title='bbox 1232 3450 1350 3527; x_wconf 77' lang='lat' dir='ltr'>noblis</span> <span class='ocrx_word' id='word_1_184' title='bbox 1367 3454 1421 3528; x_wconf 89' lang='lat' dir='ltr'>in·</span> 
     </span>
     <span class='ocr_line' id='line_1_25' title="bbox 99 3545 1423 3633; baseline -0.001 -5"><span class='ocrx_word' id='word_1_185' title='bbox 99 3552 226 3633; x_wconf 88' lang='lat' dir='ltr'>suetam</span> <span class='ocrx_word' id='word_1_186' title='bbox 256 3554 460 3631; x_wconf 83' lang='lat' dir='ltr'>claritatem</span> <span class='ocrx_word' id='word_1_187' title='bbox 499 3568 697 3623; x_wconf 84' lang='lat' dir='ltr'>notarent.</span> <span class='ocrx_word' id='word_1_188' title='bbox 733 3545 810 3619; x_wconf 80' lang='lat' dir='ltr'>Vix</span> <span class='ocrx_word' id='word_1_189' title='bbox 836 3572 934 3621; x_wconf 81' lang='lat' dir='ltr'>eram</span> <span class='ocrx_word' id='word_1_190' title='bbox 963 3548 1120 3621; x_wconf 66' lang='lat' dir='ltr'>trauan</span> <span class='ocrx_word' id='word_1_191' title='bbox 1148 3550 1305 3625; x_wconf 82' lang='lat' dir='ltr'>lucidum</span> <span class='ocrx_word' id='word_1_192' title='bbox 1334 3578 1423 3627; x_wconf 88' lang='lat' dir='ltr'>con·</span> 
     </span>
     <span class='ocr_line' id='line_1_26' title="bbox 97 3647 1421 3819; baseline 0 -91"><span class='ocrx_word' id='word_1_193' title='bbox 97 3655 222 3749; x_wconf 89' lang='lat' dir='ltr'>tuitus,</span> <span class='ocrx_word' id='word_1_194' title='bbox 249 3658 287 3730; x_wconf 83' lang='lat'>&amp;</span> <span class='ocrx_word' id='word_1_195' title='bbox 317 3655 388 3754; x_wconf 85' lang='lat' dir='ltr'>jam</span> <span class='ocrx_word' id='word_1_196' title='bbox 416 3649 678 3752; x_wconf 81' lang='lat' dir='ltr'>fulgurationes</span> <span class='ocrx_word' id='word_1_197' title='bbox 705 3648 891 3819; x_wconf 72' lang='lat' dir='ltr'>pralongae</span> <span class='ocrx_word' id='word_1_198' title='bbox 918 3649 956 3720; x_wconf 76' lang='lat'>8&lt;</span> <span class='ocrx_word' id='word_1_199' title='bbox 984 3647 1156 3748; x_wconf 73' lang='lat' dir='ltr'>insignes,</span> <span class='ocrx_word' id='word_1_200' title='bbox 1181 3675 1225 3723; x_wconf 84' lang='lat' dir='ltr'>ex</span> <span class='ocrx_word' id='word_1_201' title='bbox 1253 3651 1317 3725; x_wconf 93' lang='lat' dir='ltr'>illo</span> <span class='ocrx_word' id='word_1_202' title='bbox 1342 3652 1421 3752; x_wconf 86' lang='lat' dir='ltr'>ipso</span> 
     </span>
     <span class='ocr_line' id='line_1_27' title="bbox 96 3747 1423 3860; baseline -0.002 -31"><span class='ocrx_word' id='word_1_203' title='bbox 96 3756 348 3860; x_wconf 84' lang='lat' dir='ltr'>assurgebant,</span> <span class='ocrx_word' id='word_1_204' title='bbox 383 3752 536 3855; x_wconf 78' lang='lat' dir='ltr'>quarum</span> <span class='ocrx_word' id='word_1_205' title='bbox 565 3749 745 3823; x_wconf 77' lang='lat' dir='ltr'>nonnula</span> <span class='ocrx_word' id='word_1_206' title='bbox 773 3775 793 3821; x_wconf 89' lang='lat' dir='ltr'>a</span> <span class='ocrx_word' id='word_1_207' title='bbox 820 3747 1023 3848; x_wconf 81' lang='lat' dir='ltr'>vigesimo,</span> <span class='ocrx_word' id='word_1_208' title='bbox 1058 3775 1165 3848; x_wconf 90' lang='lat' dir='ltr'>quem</span> <span class='ocrx_word' id='word_1_209' title='bbox 1203 3749 1304 3826; x_wconf 88' lang='lat' dir='ltr'>albot</span> <span class='ocrx_word' id='word_1_210' title='bbox 1332 3754 1423 3828; x_wconf 82' lang='lat' dir='ltr'>lucit</span> 
     </span>
     <span class='ocr_line' id='line_1_28' title="bbox 95 3850 1423 3959; baseline 0 -31"><span class='ocrx_word' id='word_1_211' title='bbox 95 3854 384 3959; x_wconf 82' lang='lat' dir='ltr'>septentrionalis</span> <span class='ocrx_word' id='word_1_212' title='bbox 404 3853 584 3928; x_wconf 81' lang='lat' dir='ltr'>continua</span> <span class='ocrx_word' id='word_1_213' title='bbox 602 3874 678 3923; x_wconf 88' lang='lat' dir='ltr'>erat</span> <span class='ocrx_word' id='word_1_214' title='bbox 697 3850 890 3939; x_wconf 82' lang='lat' dir='ltr'>assecutus,</span> <span class='ocrx_word' id='word_1_215' title='bbox 917 3852 1028 3948; x_wconf 86' lang='lat' dir='ltr'>gradu</span> <span class='ocrx_word' id='word_1_216' title='bbox 1046 3850 1088 3922; x_wconf 88' lang='lat' dir='ltr'>ad</span> <span class='ocrx_word' id='word_1_217' title='bbox 1107 3858 1179 3941; x_wconf 89' lang='lat'>48,</span> <span class='ocrx_word' id='word_1_218' title='bbox 1208 3853 1423 3950; x_wconf 87' lang='lat' dir='ltr'>polumvet·</span> 
     </span>
    </p>

    <p class='ocr_par' dir='ltr' id='par_1_17' title="bbox 94 3950 1420 4061">
     <span class='ocr_line' id='line_1_29' title="bbox 94 3950 1420 4061; baseline -0.002 -32"><span class='ocrx_word' id='word_1_219' title='bbox 94 3954 161 4050; x_wconf 83' lang='lat' dir='ltr'>lue,</span> <span class='ocrx_word' id='word_1_220' title='bbox 188 3958 518 4061; x_wconf 83' lang='lat' dir='ltr'>protendebantur.</span> <span class='ocrx_word' id='word_1_221' title='bbox 550 3956 616 4026; x_wconf 89' lang='lat' dir='ltr'>Har</span> <span class='ocrx_word' id='word_1_222' title='bbox 641 3974 726 4025; x_wconf 88' lang='lat' dir='ltr'>cum</span> <span class='ocrx_word' id='word_1_223' title='bbox 754 3950 928 4047; x_wconf 82' lang='lat' dir='ltr'>nuperis,</span> <span class='ocrx_word' id='word_1_224' title='bbox 955 3972 1129 4049; x_wconf 87' lang='lat' dir='ltr'>quantum</span> <span class='ocrx_word' id='word_1_225' title='bbox 1159 3950 1201 4025; x_wconf 88' lang='lat' dir='ltr'>ad</span> <span class='ocrx_word' id='word_1_226' title='bbox 1229 3952 1420 4051; x_wconf 76' lang='lat' dir='ltr'>speciem,</span> 
     </span>
    </p>

    <p class='ocr_par' dir='ltr' id='par_1_18' title="bbox 90 4050 1688 4566">
     <span class='ocr_line' id='line_1_30' title="bbox 94 4050 1555 4154; baseline -0.002 -26"><span class='ocrx_word' id='word_1_227' title='bbox 94 4055 168 4133; x_wconf 88' lang='lat' dir='ltr'>satis</span> <span class='ocrx_word' id='word_1_228' title='bbox 195 4057 491 4145; x_wconf 85' lang='lat' dir='ltr'>conveniebant,</span> <span class='ocrx_word' id='word_1_229' title='bbox 520 4050 972 4154; x_wconf 61' lang='lat' dir='ltr'>liguraapparenatrabis</span> <span class='ocrx_word' id='word_1_230' title='bbox 1000 4051 1181 4145; x_wconf 77' lang='lat' dir='ltr'>cujusdam</span> <span class='ocrx_word' id='word_1_231' title='bbox 1212 4052 1419 4127; x_wconf 85' lang='lat' dir='ltr'>latiorialu-</span> <span class='ocrx_word' id='word_1_232' title='bbox 1548 4083 1555 4095; x_wconf 92' lang='lat'><strong>·</strong></span> 
     </span>
     <span class='ocr_line' id='line_1_31' title="bbox 93 4149 1688 4254; baseline 0.001 -24"><span class='ocrx_word' id='word_1_233' title='bbox 93 4158 191 4253; x_wconf 73' lang='lat' dir='ltr'>cide,</span> <span class='ocrx_word' id='word_1_234' title='bbox 218 4163 280 4236; x_wconf 89' lang='lat' dir='ltr'>vel</span> <span class='ocrx_word' id='word_1_235' title='bbox 308 4158 460 4236; x_wconf 80' lang='lat' dir='ltr'>flamma</span> <span class='ocrx_word' id='word_1_236' title='bbox 487 4154 581 4229; x_wconf 87' lang='lat' dir='ltr'>infra</span> <span class='ocrx_word' id='word_1_237' title='bbox 609 4153 716 4254; x_wconf 87' lang='lat' dir='ltr'>paulo</span> <span class='ocrx_word' id='word_1_238' title='bbox 743 4149 905 4243; x_wconf 88' lang='lat' dir='ltr'>latioris,</span> <span class='ocrx_word' id='word_1_239' title='bbox 932 4150 1106 4252; x_wconf 86' lang='lat' dir='ltr'>superiori</span> <span class='ocrx_word' id='word_1_240' title='bbox 1135 4178 1222 4225; x_wconf 89' lang='lat' dir='ltr'>vero</span> <span class='ocrx_word' id='word_1_241' title='bbox 1249 4150 1285 4224; x_wconf 90' lang='lat' dir='ltr'>in</span> <span class='ocrx_word' id='word_1_242' title='bbox 1314 4163 1507 4251; x_wconf 75' lang='lat' dir='ltr'>partel&#39;ag.</span> <span class='ocrx_word' id='word_1_243' title='bbox 1529 4182 1595 4250; x_wconf 84' lang='lat'>²71·</span> <span class='ocrx_word' id='word_1_244' title='bbox 1684 4178 1688 4185; x_wconf 82' lang='grc'><strong><em>’</em></strong></span> 
     </span>
     <span class='ocr_line' id='line_1_32' title="bbox 92 4251 1425 4363; baseline -0.002 -29"><span class='ocrx_word' id='word_1_245' title='bbox 92 4259 296 4361; x_wconf 80' lang='lat' dir='ltr'>cuspidatae,</span> <span class='ocrx_word' id='word_1_246' title='bbox 324 4259 571 4363; x_wconf 72' lang='lat' dir='ltr'>spebiabatur.</span> <span class='ocrx_word' id='word_1_247' title='bbox 597 4253 771 4329; x_wconf 87' lang='lat' dir='ltr'>Latitudo</span> <span class='ocrx_word' id='word_1_248' title='bbox 788 4275 865 4327; x_wconf 90' lang='lat' dir='ltr'>erat</span> <span class='ocrx_word' id='word_1_249' title='bbox 883 4252 1046 4344; x_wconf 87' lang='lat' dir='ltr'>diversa,</span> <span class='ocrx_word' id='word_1_250' title='bbox 1073 4251 1425 4354; x_wconf 86' lang='lat' dir='ltr'>quarundamtrium</span> 
     </span>
     <span class='ocr_line' id='line_1_33' title="bbox 91 4352 1424 4465; baseline -0.002 -30"><span class='ocrx_word' id='word_1_251' title='bbox 91 4383 288 4459; x_wconf 84' lang='lat' dir='ltr'>quatuorve</span> <span class='ocrx_word' id='word_1_252' title='bbox 303 4362 514 4465; x_wconf 88' lang='lat' dir='ltr'>graduum.</span> <span class='ocrx_word' id='word_1_253' title='bbox 542 4352 820 4457; x_wconf 85' lang='lat' dir='ltr'>Fulgurationes</span> <span class='ocrx_word' id='word_1_254' title='bbox 846 4354 899 4428; x_wconf 77' lang='lat' dir='ltr'>lta</span> <span class='ocrx_word' id='word_1_255' title='bbox 925 4354 1000 4430; x_wconf 71' lang='lat' dir='ltr'>itta</span> <span class='ocrx_word' id='word_1_256' title='bbox 1019 4354 1115 4428; x_wconf 85' lang='lat' dir='ltr'>oculi</span> <span class='ocrx_word' id='word_1_257' title='bbox 1136 4353 1171 4427; x_wconf 91' lang='lat' dir='ltr'>in</span> <span class='ocrx_word' id='word_1_258' title='bbox 1193 4352 1340 4453; x_wconf 89' lang='lat' dir='ltr'>regione</span> <span class='ocrx_word' id='word_1_259' title='bbox 1359 4354 1424 4434; x_wconf 82' lang='lat' dir='ltr'>ista</span> 
     </span>
     <span class='ocr_line' id='line_1_34' title="bbox 90 4452 1418 4566; baseline 0.002 -37"><span class='ocrx_word' id='word_1_260' title='bbox 90 4459 201 4541; x_wconf 87' lang='lat' dir='ltr'>lucida</span> <span class='ocrx_word' id='word_1_261' title='bbox 228 4466 392 4566; x_wconf 84' lang='lat' dir='ltr'>genita,</span> <span class='ocrx_word' id='word_1_262' title='bbox 421 4458 497 4562; x_wconf 85' lang='lat' dir='ltr'>post</span> <span class='ocrx_word' id='word_1_263' title='bbox 524 4456 753 4532; x_wconf 88' lang='lat' dir='ltr'>celerrimum</span> <span class='ocrx_word' id='word_1_264' title='bbox 781 4454 901 4529; x_wconf 87' lang='lat' dir='ltr'>versus</span> <span class='ocrx_word' id='word_1_265' title='bbox 930 4456 1052 4557; x_wconf 88' lang='lat' dir='ltr'>supera</span> <span class='ocrx_word' id='word_1_266' title='bbox 1080 4452 1290 4545; x_wconf 86' lang='lat' dir='ltr'>ascensum,</span> <span class='ocrx_word' id='word_1_267' title='bbox 1315 4452 1418 4531; x_wconf 70' lang='lat' dir='ltr'>dieto</span> 
     </span>
    </p>

    <p class='ocr_par' dir='ltr' id='par_1_19' title="bbox 91 4553 1711 4672">
     <span class='ocr_line' id='line_1_35' title="bbox 91 4553 1711 4672; baseline 0 -40"><span class='ocrx_word' id='word_1_268' title='bbox 91 4560 189 4640; x_wconf 84' lang='lat' dir='ltr'>citius</span> <span class='ocrx_word' id='word_1_269' title='bbox 212 4563 507 4641; x_wconf 83' lang='lat' dir='ltr'>evanescebant.</span> <span class='ocrx_word' id='word_1_270' title='bbox 541 4561 716 4652; x_wconf 80' lang='lat' dir='ltr'>Quadam</span> <span class='ocrx_word' id='word_1_271' title='bbox 744 4553 820 4630; x_wconf 89' lang='lat' dir='ltr'>fere</span> <span class='ocrx_word' id='word_1_272' title='bbox 845 4558 1026 4659; x_wconf 81' lang='lat' dir='ltr'>contigua</span> <span class='ocrx_word' id='word_1_273' title='bbox 1056 4554 1187 4646; x_wconf 88' lang='lat' dir='ltr'>fimul,</span> <span class='ocrx_word' id='word_1_274' title='bbox 1223 4555 1423 4672; x_wconf 76' lang='lat' dir='ltr'>eodemque</span> <span class='ocrx_word' id='word_1_275' title='bbox 1481 4630 1515 4642; x_wconf 71' lang='grc'>,,</span> <span class='ocrx_word' id='word_1_276' title='bbox 1700 4572 1711 4657; x_wconf 79' lang='lat'>‚&#39;</span> 
     </span>
    </p>
   </div>
   <div class='ocr_carea' id='block_1_6' title="bbox 90 4657 1424 4835">
    <p class='ocr_par' dir='ltr' id='par_1_20' title="bbox 90 4657 1424 4835">
     <span class='ocr_line' id='line_1_36' title="bbox 90 4657 1424 4835; baseline -0.001 -99"><span class='ocrx_word' id='word_1_277' title='bbox 90 4679 270 4771; x_wconf 87' lang='lat' dir='ltr'>tempure,</span> <span class='ocrx_word' id='word_1_278' title='bbox 300 4663 485 4768; x_wconf 74' lang='lat' dir='ltr'>parallelos</span> <span class='ocrx_word' id='word_1_279' title='bbox 511 4660 729 4765; x_wconf 85' lang='lat' dir='ltr'>prodibant,</span> <span class='ocrx_word' id='word_1_280' title='bbox 754 4657 812 4754; x_wconf 75' lang='lat' dir='ltr'>dc,</span> <span class='ocrx_word' id='word_1_281' title='bbox 841 4659 895 4739; x_wconf 91' lang='lat' dir='ltr'>uti</span> <span class='ocrx_word' id='word_1_282' title='bbox 917 4657 958 4736; x_wconf 89' lang='lat' dir='ltr'>iu</span> <span class='ocrx_word' id='word_1_283' title='bbox 977 4682 1108 4738; x_wconf 87' lang='lat' dir='ltr'>aurora</span> <span class='ocrx_word' id='word_1_284' title='bbox 1127 4682 1424 4835; x_wconf 49' lang='lat' dir='ltr'>nuperqpstqalqut·</span> 
     </span>
    </p>
   </div>
   <div class='ocr_carea' id='block_1_7' title="bbox 0 0 1860 5434">
    <p class='ocr_par' dir='ltr' id='par_1_21' title="bbox 0 0 1860 5434">
     <span class='ocr_line' id='line_1_37' title="bbox 0 0 1860 5434; baseline 0 10"><span class='ocrx_word' id='word_1_285' title='bbox 0 0 1860 5434; x_wconf 95' lang='lat' dir='ltr'> </span> 
     </span>
    </p>
   </div>
  </div>
 </body>
</html>
