3709 5434
417 215 1167 329 Etuottoaun.
1327 262 1380 368 η

141 437 188 550 tio
213 429 372 549 potuisse
397 430 573 551 proficisci
599 431 646 510 ob
673 432 819 529 nimiam
838 433 1110 515 obscuritatem.
1137 438 1299 516 Lebioris
1316 438 1452 542 indagi·
1473 458 1636 527 AuAErud.

138 565 168 651 nr
195 561 278 607 eum
305 537 569 635 relinquamus,
595 537 681 611 issud
710 535 873 635 professu,
899 562 964 611 nus
992 539 1082 614 nibis
1109 541 1368 638 deprehendere
1386 544 1451 617 illo
1472 547 1530 604 Au·
1546 561 1652 683 ῑζῑῑν

136 662 165 710 tn
191 635 310 725 loco,
347 662 412 709 cut
437 636 625 711 Labiantio
656 634 695 708 fit
723 636 890 734 indignus
914 637 1117 714 habendus.
1152 643 1221 714 Sed
1250 642 1352 716 misso
1380 642 1450 739 jam
1472 619 1633 684 ΜΦ·

136 734 272 810 dicendi
303 761 454 835 genere,
481 737 548 813 alia
575 735 815 834 circumspicit
833 733 966 811 Noster
993 738 1060 815 suar
1085 740 1266 814 sententiae
1284 742 1456 839 praesrdia.

138 834 284 925 Credit,
314 839 527 926 Donatum,
553 838 609 911 cui
636 836 726 908 liber
752 834 812 906 hic
838 833 886 908 est
912 835 1121 939 inscriptus,
1146 840 1254 913 alium
1272 842 1458 914 esseuDo·

134 962 252 1026 nato,
288 937 348 1007 cui
376 935 580 1009 Laciauriua
614 936 744 1008 librum
767 932 867 1008 suum
895 937 938 1009 de
962 939 1015 1011 ira
1041 942 1108 1013 Dei
1133 940 1294 1013 dicavit.
1327 943 1457 1031 runc,

132 1037 274 1136 inquit,
299 1033 499 1124 conficitur,
523 1038 604 1108 dunt
622 1037 681 1127 effe
695 1038 861 1131 planeque
877 1038 1032 1136 diversos
1056 1041 1169 1111 beram
1195 1042 1338 1112 duorum
1355 1042 1457 1112 libro·

133 1164 209 1210 tum
238 1134 411 1207 rariores.
437 1136 633 1209 Commissa
660 1134 725 1211 hac
750 1132 962 1229 α’σιλογιςιά,
995 1162 1147 1226 monet,
1174 1138 1364 1213 Lubiantio
1382 1160 1459 1211 tuo·

138 1262 213 1310 rem
241 1235 331 1322 esse,
361 1257 400 1305 ut
427 1233 535 1306 libros
561 1262 580 1308 a
607 1235 641 1308 se
669 1236 782 1308 editos
809 1236 888 1309 asiia
915 1240 954 1313 in
983 1238 1081 1311 libris
1095 1260 1374 1310 commemoretr
1403 1261 1456 1312 at·

138 1361 202 1435 que
228 1333 268 1407 id
298 1333 340 1407 de
369 1332 439 1405 hoc
465 1332 558 1405 libro
584 1332 718 1408 fabium
746 1360 818 1409 nun
846 1338 931 1411 esse.
958 1336 1066 1431 Qud
1086 1362 1124 1409 ar
1151 1359 1337 1409 omentum
1356 1336 1380 1408 fi
1396 1361 1458 1410 va·

131 1436 216 1523 set,
245 1434 363 1531 piures
388 1430 471 1504 libri
499 1432 745 1507 immerenter
763 1436 865 1501 νοθεύει
899 1462 1023 1510 notam
1049 1362 1249 1511 subibunt.
1286 1434 1456 1531 Denique

132 1532 354 1607 concludens
381 1530 512 1621 tradit,
539 1532 576 1606 in
602 1530 672 1607 hoc
699 1534 794 1609 libro
820 1537 958 1612 narrati
984 1536 1173 1635 quaedam',
1199 1532 1275 1633 qufae
1301 1533 1456 1606 aliorum

137 1631 213 1730 ejus
240 1631 353 1705 aetatis
377 1629 590 1729 scriptorum
619 1635 803 1708 sententiis
831 1658 1054 1734 repugnent:
1085 1659 1171 1732 ergo
1198 1657 1280 1705 eum
1309 1631 1457 1705 Lasian·

144 1731 193 1802 tii
217 1731 282 1803 esse
309 1755 378 1803 nnn
408 1731 527 1826 posse.
561 1730 627 1806 Sed
655 1733 715 1804 uix
742 1736 927 1834 quitquam
963 1732 1091 1807 sentiet
1127 1730 1228 1828 hujus
1255 1730 1459 1830 argumenti

203 1829 303 1902 ndut.
326 1829 473 1902 Etenim
500 1828 634 1905 fatetur
661 1833 814 1922 Noster,
842 1832 1033 1908 Coecisiunr
1053 1831 1173 1920 suurn,
1199 1848 1305 1927 quem
1324 1822 1459 1926 fingit,

220 1929 431 2002 mua-tium
459 1930 581 2003 eadem
610 1931 735 2004 uixisse
762 1956 889 2007 atate.
924 1934 1090 2031 Ergone
1117 1927 1318 2016 Coeciliue‚
1351 1926 1395 2000 stc
1420 1929 1461 1998 δι

139 2026 374 2119 Mundus,
409 2031 568 2129 quaedam
597 2053 740 2105 narrare
768 2033 886 2131 potuit
912 2032 957 2107 ab
983 2030 1134 2103 aliorum
1164 2028 1258 2099 illius
1283 2026 1353 2102 eri
1380 2025 1463 2097 seri·

137 2149 290 2234 prorum
315 2130 545 2226 opinionibus
579 2128 805 2205 dissidentia.
841 2137 907 2206 Hae
933 2130 1044 2229 igitur
1069 2129 1150 2203 sunt
1178 2126 1335 2200 rationes
1363 2128 1462 2197 Nur·

135 2250 266 2338 tranat,
291 2230 422 2328 quibus
449 2255 626 2327 receptam
653 2231 801 2304 eruditis
826 2230 1039 2304 sententiam
1065 2230 1109 2303 de
1137 2246 1262 2300 autore
1291 2223 1394 2322 hujus
1420 2223 1461 2295 si·

133 2323 189 2396 brt
218 2327 314 2402 baud
342 2328 424 2403 sane
442 2330 662 2421 labesasiari,
689 2331 852 2406 breviter.
867 2329 1101 2403 ostendimus.
1131 2323 1332 2402 Persuasum
1351 2322 1460 2396 etiam

135 2424 240 2498 nobis
266 2428 350 2518 esi,
387 2430 562 2503 Nurrium
589 2429 684 2504 stunc
711 2429 868 2504 laborem
896 2450 1078 2529 nunquam
1114 2425 1354 2523 suscepturum
1382 2418 1464 2494 fuis·

9 2568 11 2603 z
136 2534 193 2625 se,
219 2530 289 2603 nisi
317 2528 465 2605 eeclefiae
491 2529 557 2604 suae
581 2527 675 2602 sorte
703 2553 823 2629 ruptus
849 2552 993 2619 arnore,
1019 2554 1059 2601 ea
1088 2552 1126 2600 re
1155 2547 1324 2624 magnum
1352 2520 1462 2615 ptest·

12 2652 13 2657 ’
134 2633 241 2708 dium
270 2629 520 2716 heterodoxis,
545 2655 635 2727 quor
653 2653 779 2716 uocat,
806 2652 967 2726 ereptum
996 2625 1041 2700 iri
1059 2623 1302 2699 existimasset.
1330 2625 1461 2720 Neque

131 2733 245 2805 enim
274 2727 467 2797 dissimulat
493 2726 530 2794 in
556 2724 765 2794 Prnsatione
783 2725 876 2792 hanc
892 2725 1051 2808 causam,
1075 2746 1248 2817 querens,
1273 2721 1463 2792 heterodo-

11 2844 12 2857 ¹
130 2852 211 2905 xor
230 2824 315 2897 illos
333 2821 415 2892 libri
434 2816 554 2915 hujus,
581 2840 747 2915 tanquam
766 2817 1011 2904 Laurentini,
1037 2818 1230 2889 autoritate
1247 2817 1365 2890 varius
1382 2838 1463 2916 pto·

133 2946 308 3029 pugnare
324 2943 480 2991 errores.
506 2920 549 2989 sn
568 2914 694 3013 quibus
712 2938 780 2986 non
805 2914 973 2988 minimus
989 2914 1133 2989 sortasse
1161 2915 1254 2988 visua
1271 2914 1318 2988 est
1345 2922 1464 2990 Auto-

141 3026 181 3100 ri
207 3018 334 3096 nostro
357 3017 447 3106 isle,
472 3038 547 3113 quo
573 3038 617 3086 ex
633 3014 727 3086 libro
752 3014 795 3086 de
818 3016 978 3086 inertibus
989 3018 1187 3112 persecutor.
1215 3015 1374 3106 docent,
1401 3020 1463 3088 Pe·

135 3148 240 3201 trum
259 3121 409 3193 Nerone
426 3117 568 3189 demum
589 3136 758 3212 regnante
777 3117 931 3189 Romam
952 3116 1101 3188 venisse.
1130 3116 1234 3190 Unde
1252 3114 1286 3187 ne
1304 3113 1463 3187 Nurrius

141 3218 403 3300 dissertationis
420 3214 524 3313 hujus
541 3214 689 3310 CapsV.
704 3215 846 3305 retina.
857 3215 898 3287 de
909 3214 1019 3287 isthoc
1037 3215 1118 3288 soco
1135 3236 1262 3288 contra
1280 3212 1464 3286 haereticus

5 3372 6 3375 =
142 3322 325 3420 disputat,
349 3319 387 3391 dt
406 3314 528 3389 omnia
545 3313 653 3403 sarit,
679 3338 716 3388 ut
734 3314 827 3389 hunc
842 3315 962 3388 locum
989 3341 1069 3388 cum
1096 3314 1236 3415 uulgari
1256 3309 1465 3384 Pontificio·

141 3448 227 3499 rum
242 3417 387 3493 historia
407 3412 591 3490 conciliet.
621 3413 803 3514 Pergimus
819 3413 862 3486 ad
880 3414 1014 3513 reliqua
1032 3408 1468 3485 DissertationisNurria·

141 3551 204 3600 nte
219 3521 351 3618 capita.
380 3518 575 3612 capitem.
596 3514 751 3587 recenset
771 3511 885 3586 varias
903 3511 1006 3607 hujus
1023 3513 1104 3584 libri
1124 3512 1319 3599 editiones,
1347 3509 1464 3584 uario·
1484 3545 1553 3628 Peg.
1572 3563 1592 3622 4
1613 3563 1643 3622 4

141 3647 295 3721 rumque
314 3621 350 3694 in
369 3642 449 3690 eum
469 3615 733 3689 obseruationes
749 3613 785 3682 δι
807 3633 926 3683 notas.
953 3610 1053 3682 Idem
1073 3608 1144 3704 jarn
1163 3605 1282 3680 secisse
1301 3607 1464 3682 recorda·
1593 3566 1613 3628 ⁷

142 3750 230 3800 mur
245 3721 304 3795 cl.
323 3717 499 3794 Ceruium
516 3718 553 3788 P.
572 3716 634 3787 tx.
653 3708 900 3786 Animadvers.
912 3707 1030 3782 histor.
1047 3708 1082 3781 Sc
1102 3706 1225 3807 philol.
1244 3706 1278 3779 δι
1298 3732 1361 3781 nos
1377 3732 1466 3806 quo·

143 3849 215 3927 que
241 3823 280 3895 in
301 3820 356 3892 his
375 3816 477 3892 neiis
502 3813 690 3889 nonnussaa
717 3810 892 3885 editiones
919 3808 1130 3884 retulimus.
1158 3804 1252 3880 Vide
1281 3811 1326 3880 A.
1352 3814 1465 3902 ¹⁶⁸5·

142 3926 368 4026 promise.
386 3921 421 3990 bt
444 3924 544 4007 5853.¹
563 3921 608 3985 Α.
634 3919 734 4003 1692.
759 3938 790 4008 p.
813 3934 900 4001 1943
931 3914 977 3983 A.
994 3919 1096 4000 1693.
1118 3932 1149 4007 p.
1172 3932 1261 3995 1243
1291 3915 1337 3978 A.
1362 3912 1464 3998 1698.

143 4051 178 4126 p.
203 4046 284 4119 535.
309 4020 469 4116 carp-11¹.
488 4024 523 4089 bt
544 4013 711 4111 usquead
736 4008 846 4084 finem
864 4008 1089 4109 sequentibus
1106 4032 1215 4080 novas
1236 4005 1274 4079 in
1301 4004 1397 4079 hunc
1423 4003 1466 4076 si·

145 4130 251 4202 brum
271 4142 375 4198 nutat
389 4116 533 4191 exbibet
562 4136 666 4213 atque
692 4110 1031 4185 animaduersiones.
1056 4106 1243 4206 inquibus
1269 4106 1353 4179 dunt
1381 4104 1466 4199 sape

144 4223 338 4302 contendit
364 4215 590 4293 Leeirntium
609 4237 689 4285 curn
708 4208 809 4305 bujus
833 4233 958 4284 autore
993 4207 1075 4279 libri
1102 4258 1113 4296 ,
1148 4207 1283 4278 invitus
1302 4228 1366 4275 nos
1383 4224 1468 4275 ron·

144 4325 269 4402 firmat
288 4327 325 4397 in
343 4346 387 4394 ea
403 4315 599 4402 sententia,
622 4315 720 4412 quod
730 4308 910 4385 Labianrii
928 4306 1102 4408 genuinus
1119 4304 1149 4377 is
1167 4304 1272 4377 suetus
1291 4303 1352 4372 stt.
1380 4306 1466 4395 Cap.

146 4433 186 4500 V.
202 4422 336 4500 mimas.
362 4453 392 4518 3.
420 4416 556 4497 disserit
581 4414 625 4488 de
652 4410 751 4510 igno
778 4409 920 4502 crucis,
944 4408 1040 4509 quud
1063 4402 1309 4478 constantino
1327 4401 1383 4472 M.
1411 4418 1469 4498 ap-

144 4528 304 4629 paruisse
330 4528 514 4625 turgaten
540 4513 616 4606 est,
651 4511 914 4608 Coecisiumque
951 4532 1032 4582 cum
1062 4505 1218 4578 Eusebio
1255 4501 1291 4572 in
1320 4522 1468 4572 eoncor-

140 4631 244 4711 niam
271 4622 434 4724 redigere
451 4640 619 4697 conatur.
644 4613 919 4710 an.V.··XsV.·
935 4608 977 4684 de
996 4601 1277 4706 Imperatoribus
1294 4597 1471 4772 {prppria
