3709 5434
357 191 1320 338 Eauurtoaum.1m

145 408 253 487 Simili
271 407 376 484 modo
395 410 656 511 procedendum
676 410 722 484 est
741 412 777 485 in
796 414 901 488 aliis:
934 439 1007 489 tem
1037 414 1147 510 ipsam
1177 442 1267 492 uero
1294 421 1399 519 persi·
1416 443 1578 516 aaaron

110 510 356 592 ciendam&ad
369 509 596 585 commodam
607 512 996 611 praximdeducendam
1017 514 1402 620 aliisrelinquoquibui
1427 525 1580 601 Anima.

105 607 474 708 aacat&-volupeest.
981 657 986 664 -
1383 611 1388 620 ’
1423 597 1579 684 Mufsslx·

146 716 235 801 §.230
263 709 414 783 Occasio
441 706 503 781 illa
529 734 732 808 opportune
760 711 957 805 invitaret,
985 716 1026 790 ad
1047 714 1230 790 materiam
1251 716 1342 792 hane
1358 721 1401 795 de
1427 761 1454 786 κ
1503 771 1508 782 ·
1546 707 1560 746 ⁴¹

105 806 369 885 oscillationibus
396 806 694 907 provehendam,
722 832 828 909 atque
848 813 956 887 alium
986 842 1057 889 non
1076 815 1269 913 ignobilem
1299 818 1400 894 usum

105 910 337 998 indicandum,
365 906 401 980 in
421 932 525 1009 quem
545 907 656 982 incidi
675 942 684 983 e
715 910 857 985 decesso
877 939 1002 1012 nempe
1029 914 1261 987 fundamento
1275 918 1398 1014 genuiss

106 1008 186 1082 no&
207 1007 334 1097 unico,
363 1032 405 1080 ex
421 1032 493 1105 quo
512 1007 767 1082 naturalissime
794 1009 1147 1092 fluitdeteiminatio
1168 1015 1280 1085 centri
1299 1015 1399 1092 oscil-

106 1107 228 1181 lationis
255 1106 291 1180 in
313 1106 474 1204 pendulis
492 1107 717 1204 compositis,
744 1108 833 1181 citra
855 1112 1030 1207 precarias
1048 1111 1397 1210 illashypotbesesab

107 1207 167 1281 iliis
190 1206 355 1280 assumtas
381 1205 531 1279 necdum
562 1205 643 1279 satis
670 1206 863 1281 stabilitas:
901 1213 992 1300 Quae
1021 1208 1205 1282 methodus
1233 1236 1399 1310 praeterea

110 1307 195 1378 etiam
221 1304 256 1378 in
275 1304 349 1377 lioe
368 1304 445 1377 aliis
462 1306 674 1396 antecellit,
700 1308 795 1404 quod
815 1307 889 1407 pari
909 1307 1084 1382 facilitate
1112 1309 1237 1382 doceat
1259 1309 1398 1388 inveni·

112 1411 140 1477 re'
154 1426 304 1480 centrum
330 1402 561 1478 oscillationis
587 1402 610 1476 si
630 1407 771 1503 penduli
791 1405 977 1506 compositi
1005 1430 1120 1505 partes
1137 1432 1181 1482 eit
1201 1408 1299 1502 varia
1326 1438 1398 1502 mas

113 1505 181 1578 teria
205 1503 290 1578 &in
313 1502 453 1602 liquore
472 1501 717 1601 homogeneo,
743 1507 800 1578 vel
819 1508 913 1605 quod
932 1506 1056 1581 eodem
1085 1506 1208 1594 venie,
1236 1506 1258 1580 si
1284 1533 1401 1608 partes

116 1603 229 1700 penduli
252 1629 295 1678 eit
323 1604 472 1676 materia
491 1602 744 1716 homogenea,
771 1603 826 1676 sed
854 1607 890 1677 in
912 1605 1056 1680 diversis
1077 1604 1273 1704 liquoribus
1300 1606 1403 1698 oscil‘q

118 1704 225 1791 lentur,
251 1729 320 1777 nec
343 1700 473 1786 refert,
501 1700 524 1773 fi
545 1703 726 1802 utriusque
745 1705 912 1802 partes&
934 1702 1079 1803 penduli
1107 1702 1308 1802 &liquoris
1334 1701 1402 1782 hon

37 1846 39 1849 -
125 1798 354 1905 heterogeneae,
381 1801 423 1875 ad
443 1802 655 1874 alterutrum
673 1803 768 1874 enim
787 1799 927 1876 casuum
956 1804 1106 1877 duorum
1128 1801 1286 1899 priorum
1300 1805 1401 1878 redu·

124 1898 151 1970 ci
166 1901 265 1997 poich:
295 1903 343 1976 de
361 1926 430 2002 qua
450 1900 681 1998 pendulorum
702 1899 835 2000 specie,
862 1927 1056 2001 eorumque
1074 1924 1199 1974 centro
1209 1899 1401 1994 oscillatio-

119 1995 166 2070 iiis
180 1999 365 2076 definiendo
383 2025 488 2073 nemo
506 1998 674 2074 hasienus
691 1999 888 2100 cogitavit3
909 2000 1061 2077 nostram
1083 1999 1239 2100 regulam
1259 2026 1338 2076 cum
1350 2003 1401 2102 ip·

113 2092 145 2167 so
159 2095 377 2175 fundamento
395 2113 438 2173 ex'
456 2125 529 2198 quo
547 2124 646 2172 eruta
663 2098 710 2172 est
729 2097 926 2173 differimus
943 2102 982 2174 iu
1000 2123 1139 2200 tempus
1157 2101 1400 2193 commodius,

112 2219 169 2290 quo
185 2199 252 2296 plus
272 2199 344 2274 otii
363 2200 465 2272 nobis
483 2197 618 2271 suerit:
647 2198 716 2272 hoc
736 2197 881 2271 interim
905 2200 1078 2273 monuisse
1096 2198 1290 2290 convenit,
1317 2224 1402 2272 coti·

111 2293 338 2373 siderationem
358 2297 472 2373 veslis
501 2303 712 2398 (perquam
733 2300 861 2372 Frater
880 2324 977 2371 meus
996 2299 1084 2371 bin.
1105 2295 1297 2410 aliquando
1325 2323 1401 2374 rem

106 2393 235 2469 eandem
256 2396 415 2472 tentavit
433 2395 495 2470 etsi
513 2421 583 2470 non
605 2395 745 2492 prorsus
772 2395 964 2472 infeliciter
975 2395 999 2489 )’
1018 2396 1101 2470 huic
1121 2421 1172 2468 rei
1189 2394 1297 2469 solam
1326 2419 1400 2470 noti

97 2489 263 2586 sufficere,
296 2498 352 2573 sed
370 2497 466 2596 quod
487 2496 698 2608 palmarium
718 2493 789 2588 est,
814 2497 1067 2570 recurrendum
1087 2494 1154 2567 else
1173 2493 1216 2567 ad
1233 2493 1400 2569 effeblum

94 2613 282 2691 corporum
304 2593 441 2670 diversa
458 2592 770 2693 grauitatisspecie
788 2593 950 2666 deorsum
971 2592 1218 2680 tendentium,
1244 2613 1348 2689 atque
1358 2594 1403 2669 ad

89 2692 298 2764 corumdem
317 2691 406 2762 inse
427 2713 553 2760 mutuo
571 2690 754 2798 agentium
772 2691 987 2761 efficaciam.

134 2794 166 2877 ᾗ.
180 2814 236 2876 24.
266 2787 457 2861 Hastenns
484 2786 527 2857 ad
546 2782 738 2884 fluidorum
765 2786 801 2857 iii
821 2785 948 2884 quibus
966 2810 1116 2885 corpora
1136 2808 1328 2861 moventur
1353 2811 1406 2861 re·

92 2885 286 2961 sistentiam
307 2911 379 2960 noti
398 2883 641 2967 attendimus3
669 2907 731 2979 per
747 2882 972 2956 refillentiam
992 2883 1050 2957 liic
1067 2883 1302 2984 intelligimus
1328 2886 1404 2960 vim

95 3009 341 3086 quamcunque
358 3009 431 3082 qua
450 2982 566 3053 motui
586 2980 746 3077 corporis
771 2980 952 3054 contraria
970 2981 1046 3072 est,
1072 2984 1108 3055 ἃ
1127 3007 1274 3082 propter
1294 3010 1403 3084 quam

99 3110 214 3184 corpus
234 3106 374 3159 motum
391 3081 513 3170 suurn,
541 3076 603 3152 nisi
616 3078 757 3153 aliunde
775 3081 950 3155 continuo
968 3080 1203 3173 instauretur,
1230 3086 1402 3183 paulatim

102 3184 226 3257 amittit
254 3185 290 3255 de
318 3180 461 3258 tandem
487 3179 533 3254 ali
562 3179 678 3253 uando
704 3180 746 3253 ad
765 3181 922 3280 quietem
942 3181 1143 3281 redigitur:
1182 3181 1288 3254 Unde
1314 3201 1401 3258 uero

103 3281 283 3379 dependeat
305 3280 494 3355 resistentia
519 3204 579 3352 illa
597 3277 635 3350 iii
654 3274 799 3369 fluidis,
826 3301 980 3379 quamve
1007 3280 1145 3354 causam
1173 3278 1349 3379 physicam
1367 3308 1402 3355 a·

105 3379 257 3477 gnoscat,
283 3379 388 3479 hujus
407 3379 480 3453 loci
508 3403 579 3452 non
601 3374 648 3450 est
667 3376 772 3452 anxie
788 3378 1000 3477 inquirere,
1026 3376 1095 3451 sive
1115 3377 1211 3451 enim
1233 3377 1356 3452 veniat
1383 3406 1404 3453 a

133 3480 245 3553 uadam
262 3480 419 3581 partium
437 3479 637 3553 tenacitate
650 3476 686 3550 in
703 3474 814 3549 fluido
831 3478 993 3574 obquam
1013 3475 1190 3575 particulae
1207 3475 1307 3553 fluidi
1329 3481 1402 3552 i'ioli

104 3503 213 3651 harim
239 3581 277 3654 ad
297 3577 480 3679 appulsum
500 3575 661 3689 corporis
687 3601 706 3649 a
724 3572 758 3646 se
777 3597 903 3648 mutuo
930 3572 1163 3672 separantur,
1190 3574 1259 3648 sive
1282 3604 1402 3678 aqua·

103 3676 383 3753 dam'attritione
400 3704 445 3750 eit
465 3674 629 3777 scabritie
646 3700 721 3773 quae
736 3699 808 3747 non
829 3695 969 3747 tantum
989 3673 1025 3745 in
1042 3670 1225 3772 superficie
1242 3679 1403 3775 co'rporis

100 3774 154 3849 sed
178 3778 265 3852 &in
280 3775 467 3878 particulis
480 3771 640 3849 minimis
655 3772 803 3848 fluidum
822 3772 1121 3873 componentibus
1140 3773 1403 3874 adesse-potest,

105 3873 165 3950 five
182 3877 327 3952 demum
347 3876 492 3951 otiatur
506 3873 567 3948 illa
585 3898 629 3949 ex
647 3872 719 3971 ipsa
739 3869 925 3946 fluiditatis
943 3870 1235 3970 imperseblione,
1262 3900 1329 3975 qua
1351 3877 1403 3947 ni-

107 3974 224 4052 mirum
241 3976 286 4052 fit
306 3999 346 4051 ιιι
365 4001 446 4049 cum
466 3972 613 4050 fluidum
635 3973 717 4049 asle
736 3998 807 4046 non
828 3969 868 4045 sit
886 3971 1038 4045 divisum
1066 3973 1102 4042 iii
1122 3970 1403 4047 infinitum-hoc

110 4070 146 4145 est
160 4075 196 4150 in
237 4075 406 4152 articulas
421 4074 503 4149 data
530 4072 654 4173 quavis
671 4072 847 4161 minores,
873 4069 931 4145 sed
950 4069 1142 4145 conflatum
1164 4069 1204 4145 sit
1233 4073 1277 4144 ex
1296 4071 1404 4145 m'ole-
1466 4105 1467 4109 ¹

109 4173 182 4248 culis
206 4099 330 4251 litlidis
350 4172 595 4250 determinata
612 4169 889 4271 magnitudinis,
915 4167 1120 4283 fit'inquam
1137 4191 1176 4241 ut
1196 4170 1307 4243 intali
1325 4169 1404 4242 flui-

110 4271 147 4342 do
160 4299 287 4375 eorpus
297 4297 438 4349 motum
457 4271 598 4372 lingulis
617 4271 809 4364 momentis
827 4292 960 4343 certam
977 4266 1325 4370 fluidiquantitateni
1343 4293 1405 4342 atr

110 4390 139 4444 te
151 4372 183 4445 sc
198 4375 397 4474 propellere
414 4376 449 4446 δι
468 4369 611 4445 amoliri
630 4370 774 4463 debeat,
801 4368 896 4468 quod
913 4367 1013 4442 citra·
1031 4366 1083 4441 sui
1101 4389 1221 4440 mutus
1236 4365 1406 4440 imminu·

111 4470 235 4549 tionem
253 4472 471 4565 continuam¹
482 4494 648 4571 peragere
665 4485 738 4543 non
758 4465 891 4582 potest,
906 4464 980 4540 etsi
999 4466 1085 4540 alias
1103 4466 1197 4539 nulla
1216 4465 1407 4540 essettena·

112 4568 208 4662 ritas,
235 4568 597 4674 nullaquescabrities
623 4568 661 4651 in
678 4569 837 4673 partibus
853 4565 956 4644 fluidi
973 4567 985 4641 ι’
1010 4589 1225 4741 ςὶκευυςιι
1241 4588 1328 4664 ergo
1346 4589 1406 4646 ve·

151 4729 155 4736 -
196 4677 291 4751 Toni.
307 4675 345 4751 V.
543 4719 547 4724 ·
937 4718 942 4722 <
1318 4679 1360 4741 τι
1378 4701 1388 4714 ··

1422 3225 1491 3309 Pag.
1512 3227 1562 3299 89.
