3709 5434
374 175 1344 319 Euuo1rouum.5fl

87 397 185 472 uum
212 390 389 474 asseruisse
416 384 606 464 secundam
632 382 1073 487 differentiamaqualem
1101 389 1164 491 ips
1191 399 1260 472 FG
1279 396 1414 476 solum:
1435 422 1597 491 Astsswd,

89 520 136 572 at
166 496 337 595 quoniam
362 517 417 565 res
442 486 491 562 est
515 485 625 592 iasii,
652 485 694 559 de
721 510 790 583 qua
816 486 989 585 quilibet,
1018 490 1171 567 simodo
1187 483 1416 573 voluerit'lo·
1439 510 1498 568 An.
1513 513 1599 580 1718.

90 622 139 671 ca
168 596 320 695 allegata
339 584 605 684 Principiorum
634 585 876 674 DmNeuuoni
901 588 937 660 δι
955 583 1084 689 scripta
1101 589 1346 672 Barnousliana
1372 601 1418 674 le·
1440 584 1599 649 Μθᾶῡῦ·

92 720 205 793 gete,
233 691 368 768 erudiri
388 687 499 788 potest
508 711 520 774 3
549 683 781 760 autoritatem
792 685 987 758 Keilianam
1014 689 1108 763 tanti
1129 693 1296 790 ponderis
1314 700 1419 775 inor·
1441 701 1510 789 l’ag.
1530 710 1601 785 466.

93 798 141 868 be
170 794 316 868 erudito
343 814 414 863 non
432 786 502 860 esse
519 785 644 870 credo,
675 807 714 856 ut
733 781 882 883 simplici
901 784 997 859 illius
1014 789 1343 871 affirmationifides
1365 802 1424 876 ha·

93 895 257 968 beatur.
292 890 393 983 Quin
412 911 539 961 contra
569 883 657 960 mihi
677 881 783 960 liceat
802 882 912 959 thesin
930 886 1113 962 invertere
1140 891 1174 962 dt
1194 890 1390 971 asseverare
1411 955 1422 992 ‚

90 996 364 1068 D.Newsonum
383 1008 563 1086 nunquam
583 981 708 1058 dixisse
718 980 1154 1062 secundamdiflitrentiam
1173 993 1339 1090 aqualem
1353 997 1423 1072 esse
1546 996 1549 1003 ’

92 1088 507 1190 summaquantitatum
525 1085 596 1158 FG
617 1084 651 1155 ἃ
672 1083 743 1171 Kl,
770 1107 877 1183 atque
905 1108 1098 1187 utrumque
1124 1092 1355 1165 Bernoullium
1384 1096 1423 1170 id

93 1190 236 1265 nullibi
262 1187 419 1288 negasse.
446 1186 504 1257 Sic
522 1181 644 1283 itaque
672 1179 800 1257 curiost
816 1184 961 1259 lesioris
989 1185 1038 1260 est
1051 1186 1242 1289 indagare,
1269 1193 1422 1270 utralta·

94 1314 185 1366 turn
205 1284 567 1362 contradidloriarum
585 1284 735 1356 duarum
761 1307 846 1358 vera
864 1283 923 1358 stt.

150 1386 323 1500 Denique
350 1385 407 1460 Cl.
426 1383 587 1457 Newruni
615 1387 789 1456 Patronus
816 1383 920 1458 studii
949 1385 1106 1484 partium
1134 1387 1420 1467 Leibnitiaaaruin

98 1514 184 1562 reos
211 1486 297 1560 sactt
313 1486 543 1558 Bernoallios.
570 1487 696 1582 Turpe
714 1479 762 1553 est
777 1539 791 1573 ,
816 1507 854 1556 ut
882 1483 986 1584 supra
1011 1488 1083 1584 jam
1113 1491 1266 1580 monui,
1292 1518 1421 1592 expro-

100 1591 208 1663 brare
234 1585 365 1660 vitium
385 1585 490 1659 alteri
510 1637 521 1673 ,
549 1581 606 1655 cui
621 1581 700 1695 quis
725 1580 799 1679 ipse
815 1583 994 1660 obnoxius
1013 1585 1087 1660 est.
1116 1589 1225 1682 Quod
1247 1593 1322 1665 Dn.
1342 1597 1420 1678 Job.

96 1688 334 1764 Remum
362 1685 522 1772 attinet3
549 1682 711 1780 plurumis
737 1681 798 1758 ille
825 1684 913 1758 locis
940 1684 1093 1761 ostendit
1118 1685 1151 1761 se
1172 1690 1326 1787 partium
1354 1691 1420 1766 llu-

98 1788 169 1864 dio
193 1811 345 1861 vacuum
362 1781 461 1877 esse,
496 1788 580 1859 dum
607 1780 743 1857 scilicet
769 1784 928 1859 correxit
954 1788 1030 1862 Dn.
1058 1788 1255 1861 leibnitium
1282 1788 1421 1866 summa

97 1888 250 1987 quidem
279 1883 469 1976 modestia,
496 1908 565 1986 qua
583 1883 735 1957 omnino
761 1910 903 1999 quoque
931 1889 1313 1986 ergaDn.Newronam
1341 1890 1419 1965 usus

98 1988 202 2079 suit,
229 2010 324 2084 aque
354 1984 525 2059 nimirum
554 1981 647 2057 utriu
693 2009 734 2057 ue
762 2007 855 2058 tanti
873 1984 955 2059 Viri
985 1987 1113 2063 merita
1132 1988 1419 2089 magnifaciens.

98 2089 172 2164 Sed
200 2086 238 2161 in
257 2085 440 2159 ClKeilio
464 2084 572 2186 quid,
596 2009 733 2182 quiin,
760 2084 920 2159 cernitur
937 2084 1031 2161 aliud
1044 2112 1151 2187 quam
1169 2087 1320 2164 studium
1340 2115 1418 2188 par·

99 2187 195 2263 tium
214 2187 512 2261 Newtonianarunt
540 2182 810 2258 intenstffimum
838 2210 1074 2286 coecumque,
1109 2187 1205 2300 quod
1233 2187 1420 2263 homiaem

100 2287 164 2361 ine
190 2309 268 2361 tum
297 2286 413 2363 reddit
438 2287 482 2360 ad
508 2281 666 2390 quodvis
693 2282 736 2357 de
754 2283 855 2359 rebus
882 2285 1004 2360 sanum
1021 2286 1193 2385 judicium
1212 2285 1421 2375 serendum

101 2313 282 2501 studium,
309 2387 477 2487 inquam,
506 2383 664 2483 partium
682 2383 908 2499 adinsaniam
938 2385 1045 2486 usque
1065 2386 1313 2488 progrediens,
1340 2388 1419 2460 Dn.

102 2491 266 2561 Newrom
296 2509 435 2557 errores
461 2483 683 2557 defendendo
719 2507 871 2580 eumque
898 2485 1124 2593 infallibilem
1162 2486 1422 2592 praedicando.
1553 2531 1557 2536 »

102 2585 331 2664 Cortiffimus
356 2580 454 2669 sum,
482 2581 579 2654 Nob.
595 2581 796 2648 Nominum
823 2603 868 2649 eo
885 2580 993 2651 modo
1012 2580 1082 2651 coli
1100 2578 1193 2651 nolle
1211 2630 1223 2668 ,
1243 2597 1426 2748 &resapere

104 2713 204 2860 {ll
218 2709 300 2854 '¹2‘th
321 2675 1184 2874 'luzilssl‘rllllrssslltlillfissl‘ls‘,
1201 2702 1264 2848 lt
1278 2677 1426 2848 sirii?

107 2887 175 2956 lius
202 2879 357 2979 gloriam
384 2874 501 2979 gentis
528 2873 596 2951 suae
622 2871 801 2948 celebrans
829 2895 968 2948 tanturn
1002 2872 1204 2948 detraheret
1238 2872 1333 2948 forte
1359 2871 1425 2972 ipfi

110 2982 212 3054 Nob.
234 2982 433 3071 Nessana,
469 2973 493 3049 li
519 2973 666 3050 fortuna
692 2970 737 3045 sic
762 2970 899 3047 serente
924 2974 963 3047 in
992 2972 1241 3048 transmarinis
1266 2969 1425 3072 partibus
1502 3015 1504 3020 ,

107 3100 214 3151 natus
242 3078 349 3159 esset,
402 3097 550 3146 uantum
578 3074 679 3144 illum
707 3097 771 3144 ceu
792 3075 955 3170 Anglum
982 3070 1133 3145 extulit.
1161 3074 1331 3146 Fortuna
1348 3069 1448 3151 son,

105 3175 166 3252 san
194 3171 343 3248 adversa
370 3103 512 3246 illustris
528 3167 686 3242 leidnuii
712 3179 853 3269 tantum
883 3170 995 3244 tribui
1021 3169 1146 3258 debet,
1172 3171 1271 3267 quod
1296 3168 1425 3242 eison

108 3272 304 3373 contigerit
332 3269 425 3344 nasci
453 3271 490 3342 in
509 3269 573 3343 illa
588 3265 787 3340 seliciffima
813 3268 872 3340 (ΖΙ.
883 3271 996 3339 Keilii
1015 3266 1160 3362 patria,
1186 3288 1227 3335 ut
1254 3264 1425 3338 similibus

108 3374 236 3473 elogiis
265 3367 456 3471 gauderet,
480 3366 607 3467 quibus
624 3363 867 3438 attumulatur
884 3367 982 3437 Nob.
1000 3367 1077 3436 Dn.
1096 3365 1302 3434 Nouimus.
1329 3360 1426 3450 Quia

53 3501 58 3510 ¹
108 3473 174 3552 scit
190 3471 311 3566 enim,
335 3493 456 3547 aunon
475 3460 687 3569 Apotheosis
705 3484 861 3538 mortem
880 3462 958 3560 ejus
972 3458 1131 3536 insecuta
1147 3457 1290 3536 fuisset?
