3709 5434
28 446 34 516 l

379 212 1139 318 Enun1roaun.
1258 209 1359 357 5‘97

114 426 142 512 a}
169 448 232 512 re,
259 425 400 525 ejusque
426 425 544 541 operis
564 425 740 527 posthumi
768 421 885 497 editor
901 424 1023 498 eadem
1044 429 1115 502 luci
1142 431 1259 507 denuo
1279 460 1434 533 expone·
1447 458 1616 522 gamma,

28 577 34 613 x
115 571 141 609 „
171 524 562 624 redignatiluerrnt.“
592 522 810 598 Methodum
827 522 1094 618 Hospitalianam
1121 534 1266 607 eandem
1279 535 1436 608 effecum
1460 543 1518 601 An.
1530 555 1615 618 17¹9·

29 672 32 714 :
115 624 331 717 Crar'gr‘rna,
358 627 564 699 monuimus
591 649 670 697 cum
691 622 872 717 Hospitalis·
897 647 985 720 opus
1003 624 1198 721 polrumum
1220 633 1439 708 inhisAalis
1459 618 1502 681 M·
1517 617 1614 697 april.

28 775 32 817 l

117 721 404 796 recenseremus.
429 723 496 799 Sed
514 749 593 797 cum
613 724 819 819 Hospitalius
839 721 1196 822 noneiretcrar‘gr'am
1206 759 1222 815 ;
1247 732 1332 829 quid
1342 733 1439 809 aliud

29 874 32 916 ;
117 815 204 892 inde
234 822 491 911 concludetur,
518 847 623 922 quam
645 820 761 896 Gallis
789 820 965 915 aCraigio
992 822 1147 922 plagium
1166 830 1349 923 Hospitalii
1374 833 1439 906 sal·

29 974 31 985 ,
117 914 154 987 se
183 920 430 1018 exprobrari?
465 923 525 994 De
550 921 669 1019 optica
698 916 876 1012 analytica
904 944 1013 1016 pauca
1041 924 1141 996 nobis
1166 925 1313 1002 dicenda
1329 927 1438 1021 lunt,

33 4057 40 4106 ι

33 4167 47 4285 ἶ
125 4219 209 4290 „tum
229 4196 426 4271 mansisset.
452 4197 535 4268 Hoc
554 4191 666 4291 igitur
689 4187 834 4264 nomine
861 4187 1046 4260 laudabilia
1065 4186 1111 4259 est
1130 4184 1192 4256 illa
1213 4177 1459 4279 quoviatem·
1553 4258 1570 4274 .

37 4369 49 4398 ρ
130 4321 220 4472 pore
240 4319 381 4394 recepta
397 4293 618 4369 consuetudo
639 4313 746 4391 ,¹qua
765 4284 975 4383 cumprimis
994 4292 1203 4363 Geometrae
1225 4299 1348 4353 mutua
1377 4301 1460 4390 pro·

37 4391 52 4482 ³,
159 4402 331 4471 lemarum
352 4392 594 4564 propofitione
623 4392 718 4464 uires
747 4388 823 4462 suas
851 4384 997 4460 subinde
1020 4402 1285 4461 exercuerunta
1321 4396 1461 4451 amittat

35 4503 49 4528 ‘'
132 4518 224 4571 aero
269 4517 399 4566 renum

34 4573 54 4633 *²
137 4522 273 4689 neorii),
302 4594 398 4694 quod
418 4590 485 4687 fir,
511 4595 655 4693 quando
675 4614 749 4666 non
764 4583 951 4664 indefinite
970 4583 1142 4688 proponit
1162 4637 1174 4680 ‚
1202 4603 1243 4656 ur
1264 4577 1392 4676 cuique
1411 4571 1462 4668 fae

34 4661 58 4732 k:l

39 4783 55 4840 'l

117 1041 204 1089 cum
226 1020 373 1117 gemina
394 1019 485 1094 hisce
510 1019 580 1116 jam
602 1019 723 1118 passum
743 1039 962 1092 occurrant.
991 1018 1099 1094 Liber
1117 1021 1250 1119 primus
1267 1026 1308 1099 de
1326 1029 1439 1099 Caro·

118 1116 241 1212 ptrica
270 1120 366 1217 agit,
393 1120 482 1191 &in
505 1145 548 1193 eo
566 1118 827 1192 determinatur
845 1115 945 1190 focus
965 1117 1147 1195 radiorum
1167 1124 1439 1219 parallelorum,

117 1213 395 1316 divergentium
421 1218 775 1318 &convergenrium
801 1271 813 1309 ‚
848 1216 909 1318 qui
939 1216 980 1289 in
996 1218 1216 1316 superficiem
1242 1223 1441 1319 quomodo⁴

120 1337 283 1413 cumque
301 1343 493 1393 convexam
522 1320 580 1392 vel
598 1342 793 1391 concavam
813 1314 995 1391 incidunt.
1026 1319 1139 1393 Addit
1158 1318 1256 1392 usum
1285 1320 1321 1393 in
1340 1343 1439 1419 parte

122 1415 352 1514 Catoptricae
380 1417 539 1507 inversa,
567 1417 695 1491 docens
714 1415 884 1491 nimirum
904 1415 1069 1490 invenire
1089 1443 1257 1510 curvam,
1284 1443 1360 1519 quar
1387 1445 1439 1493 ra·

123 1514 203 1585 dios
223 1517 413 1613 parallelos
431 1517 610 1615 excipiens
630 1517 789 1607 efficiat,
816 1541 854 1589 ut
875 1512 996 1587 reflexi
1019 1516 1057 1588 in
1076 1517 1161 1593 dato
1181 1518 1314 1617 puublo
1341 1517 1442 1591 colli·

121 1635 260 1710 gantur
279 1670 288 1689 .
315 1616 422 1690 Liber
440 1616 608 1690 secundus
628 1614 829 1714 Dioptricae
848 1611 1044 1689 destinatur
1063 1641 1074 1701 3
1103 1618 1136 1689 δι
1155 1619 1192 1689 in
1213 1644 1257 1690 en
1274 1616 1442 1692 determi-

122 1737 234 1786 natur
253 1713 356 1789 focus
375 1717 555 1790 radiorum
577 1717 825 1812 parallelorum
845 1768 857 1805 ,
883 1712 1149 1814 divergentium
1167 1717 1202 1788 δι
1224 1741 1441 1815 convergen·

121 1815 242 1903 tium,
273 1814 312 1888 in
333 1814 550 1915 superficiem
572 1839 751 1916 utcunque
769 1837 966 1889 convexam
996 1815 1053 1887 vel
1068 1840 1263 1891 concavam
1282 1814 1441 1890 inciden·

121 1910 238 1986 rium.
260 1915 473 2013 Applicatio
491 1917 754 1990 theorematum
774 1913 992 2016 generalium
1011 1910 1052 1985 fit
1069 1913 1320 2014 adsuperficiet
1337 1913 1444 2013 spbar·

82 2079 90 2087 .
121 2010 247 2104 ricus,
286 2038 364 2088 tum
391 2016 499 2092 etiam
528 2017 571 2090 ad
599 2017 732 2090 lentem
763 2039 1011 2115 quamcunque
1035 2011 1259 2111 spharicam.
1286 2013 1443 2088 Additur

123 2111 238 2186 etiam
259 2114 442 2212 problema
460 2116 623 2214 generale
650 2115 692 2189 de
712 2115 926 2190 invenienda
944 2111 1015 2185 foci
1035 2112 1165 2210 phyfici
1190 2113 1444 2201 aberratione,

121 2238 233 2310 quam
256 2215 391 2310 primus
409 2216 444 2288 in
466 2215 659 2312 Dioptrica
678 2214 914 2291 conlideravit
935 2214 1125 2307 Hugem'us:
1156 2215 1190 2286 δι
1214 2213 1344 2286 ultimo
1361 2212 1444 2284 loco

125 2336 314 2410 comparet
334 2311 464 2389 solutio
484 2315 713 2415 problematis
740 2317 783 2393 de
801 2312 1016 2389 invenienda
1036 2337 1147 2403 area,
1174 2337 1250 2413 qua
1268 2314 1311 2385 ab
1327 2308 1446 2383 omni·

125 2413 190 2486 bus
210 2411 372 2486 refrablis
391 2414 580 2509 projicitur
609 2416 645 2489 in
666 2416 809 2512 planum
835 2414 877 2487 ad
897 2436 999 2486 axem
1021 2413 1182 2486 normale
1201 2411 1238 2484 in
1257 2410 1339 2485 foco
1358 2405 1446 2507 polr-

125 2531 231 2598 tum‚
257 2531 365 2620 atque
386 2510 469 2581 hinc
488 2511 631 2583 deducit
652 2514 829 2583 rationem
846 2508 1011 2580 efficaciae
1033 2510 1215 2580 radiorum
1241 2509 1280 2578 in
1297 2509 1381 2576 foco
1402 2502 1445 2575 ad

123 2605 326 2683 efficaciam
344 2608 584 2682 uncidentium
608 2608 647 2681 iu
667 2608 773 2683 lentis
791 2602 1034 2706 superficiem.

108 2789 1453 2885 'mmmmm

125 3006 316 3142 JOH.
346 2998 888 3158 BERNOULLI
929 2995 1631 3128 RESPONSIOMmun

1472 3078 1543 3160 Pag·
1563 3073 1633 3144 216.

214 3196 267 3282 ad
300 3197 556 3282 nonneminis
592 3195 957 3307 provocationem,
992 3195 1176 3306 Ejusque
1211 3193 1362 3288 solutio

127 3343 131 3351 '
237 3355 240 3362 ⁴
359 3322 587 3437 quaestionis
622 3320 695 3430 ipsu
729 3322 781 3403 ab
815 3321 961 3403 eodem
994 3317 1236 3436 proposrtae,

177 3549 244 3632 De
272 3527 513 3626 invenienda
540 3533 668 3618 Linea
697 3558 820 3611 curva
851 3556 969 3639 qaam
998 3525 1179 3643 describit
1203 3526 1409 3644 projellde
1438 3531 1442 3538 ’

566 3655 610 3738 in
642 3647 762 3736 media
792 3645 1025 3761 refistentc.

135 3901 401 4064 PRoponere
430 3889 653 3991 problemata
678 3887 715 3963 iu
735 3886 915 3987 publicum
945 3903 1017 3962 nolu
1044 3905 1140 3961 caret
1168 3883 1356 3974 utilitate,
1389 3882 1456 3957 hac

226 3998 325 4072 enim
347 3994 489 4069 ratione
504 3991 711 4066 excitantur
729 3991 954 4062 &acuuntur
972 3988 1137 4088 ingenia3
1165 4013 1204 4060 ac
1216 3985 1302 4081 sape
1322 3979 1457 4077 aliquid

128 4099 272 4174 eruitur
300 4097 337 4170 in
356 4093 510 4168 scientia
528 4092 791 4165 incrementum
812 4140 825 4177 ,
849 4084 948 4187 quod
966 4087 1125 4187 alioquin
1153 4084 1250 4157 forte
1278 4074 1460 4154 abscondi·

435 4519 518 4568 uum
537 4491 654 4568 statim
684 4515 724 4564 ac
739 4489 929 4587 degenerat
949 4489 987 4561 in
1008 4484 1155 4561 abusum
1174 4502 1307 4580 aparte
1323 4480 1458 4574 Propo·
1477 4484 1551 4572 Peg.
1571 4497 1641 4559 ary.

1369 4670 1412 4768 fit
