3709 5434
438 238 503 343 30-
742 191 1420 310 ,Acta‘

178 444 338 511 App-md,
360 414 426 488 Ille
454 437 541 486 vero
570 413 675 512 paulo
702 404 775 506 posi
794 404 972 481 Elesboris
998 403 1181 504 personam
1211 402 1247 476 in
1269 404 1676 481 PacificationeNovio·

173 532 337 602 Anno-711
363 511 515 612 magenfi
543 516 590 586 A.
615 519 736 599 1672.‚
752 506 927 606 deinceps
952 530 1039 579 vero
1067 504 1158 603 apud
1185 502 1366 578 Foederati
1387 507 1501 605 Besgii
1522 507 1679 581 Ordines

179 605 222 665 Μ·
239 603 323 669 Νῦν·
362 610 635 709 Principemque
652 604 970 693 Araufionensem,
997 629 1080 677 mox
1097 603 1205 676 etiam
1225 603 1318 703 apud
1337 605 1529 680 Britannia
1541 609 1679 705 Regem

358 711 533 787 Carolum
552 713 600 783 ΙΙ.
620 706 785 782 susiinere
803 704 932 801 jussus,
959 705 1042 778 dum
1060 730 1101 777 ea
1118 726 1267 803 ageret,
1293 704 1443 778 Lutetiae
1464 709 1561 778 Anu.
1577 711 1685 792 ¹⁶78·

359 808 578 909 Epistulam,
604 833 673 907 qua
694 806 736 880 de
755 803 859 881 Rich.
875 803 1033 876 Simonis
1053 802 1212 876 Historia
1231 802 1372 876 Critica
1391 798 1562 899 judicium
1583 800 1683 881 suunt

361 903 984 1082 stis&‘dbs‘t'iss‘tsr‘d
1013 905 1133 1074 miii
1150 901 1687 1076 sstbssbtdssssst

364 1105 572 1203 denburgici
593 1104 787 1203 adscriptus
805 1101 943 1191 noster,
970 1056 1013 1177 ab
1033 1101 1100 1173 hoc
1121 1104 1221 1173 Ann.
1246 1105 1349 1173 1680.
1369 1101 1537 1199 Ablegati
1556 1105 1687 1175 Extra·

365 1205 542 1279 ordinarii
561 1203 670 1277 titulo
688 1202 731 1278 ad
757 1206 895 1301 Regem
913 1200 1114 1276 Galliarum
1135 1199 1188 1272 ire
1217 1197 1432 1295 jubebatur,
1459 1200 1549 1299 apud
1577 1226 1685 1298 quem

366 1329 410 1375 eo
431 1329 577 1377 munere
594 1303 637 1379 ad
656 1326 788 1378 tranum
810 1307 914 1392 1689.
943 1325 1050 1398 usque
1070 1297 1206 1373 summa
1224 1324 1304 1371 cum
1323 1299 1426 1372 laude
1446 1325 1485 1375 at
1503 1298 1607 1398 ipsius
1626 1326 1687 1376 aus

365 1403 406 1475 1ae
424 1403 605 1476 Francicae
626 1401 888 1476 existimatione
914 1398 1100 1473 desunsius
1116 1395 1194 1471 est.
1234 1401 1320 1490 Quo
1341 1420 1503 1497 tempore
1521 1401 1554 1469 ἃ
1580 1398 1689 1485 Julia-

367 1500 406 1572 ni
436 1502 614 1575 Caesarum
643 1527 765 1591 nova,
800 1524 905 1599 quam
935 1496 1240 1586 memoravimus,
1276 1496 1403 1570 Editio
1433 1498 1687 1572 documentum

192 1605 263 1684 Pag·
279 1600 345 1681 526·
371 1598 484 1673 edidit
501 1599 667 1689 uirtutis,
695 1601 729 1671 ἃ
750 1598 916 1696 pietatem
937 1596 1113 1696 imprimis
1130 1594 1204 1691 ejus
1229 1592 1485 1669 demonstravit
1514 1596 1689 1694 benignis·

373 1699 457 1772 srma
475 1698 713 1799 plurimorum
734 1695 1033 1785 Protestantiutn‚
1059 1696 1122 1795 qui
1141 1717 1313 1769 revocato
1331 1694 1464 1771 Editio
1483 1697 1694 1772 Nannetett·

375 1798 399 1869 fi
418 1797 571 1869 Francia
590 1799 688 1871 exire
705 1798 946 1897 cogebantur,
971 1796 1008 1869 in
1028 1793 1171 1894 propria
1191 1794 1303 1867 domo
1323 1790 1501 1892 receptio,
1529 1793 1695 1893 praestita·

376 1920 445 1994 que
463 1894 556 1984 illis,
584 1920 691 1994 usque
719 1898 803 1969 dum
830 1894 1020 1970 commode
1049 1895 1204 1990 patrium
1232 1893 1345 1967 solunt
1372 1918 1514 1967 vertere
1534 1896 1694 1993 possent,

378 1993 509 2067 rutest.
534 1996 714 2068 Tacemus
740 2019 907 2094 perpetua
934 2020 1014 2067 cum
1035 1994 1134 2067 Viris
1158 1993 1307 2067 eruditis
1326 1991 1455 2067 Gallia
1480 1994 1519 2067 iu
1550 1993 1612 2068 sun
1629 1993 1694 2067 ho·

376 2092 484 2189 spicio
504 2095 743 2184 commercia,
767 2119 843 2193 quar
861 2116 1004 2167 tanturn
1025 2094 1198 2191 pellexere
1218 2092 1362 2167 illorum
1382 2092 1521 2167 animos
1539 2094 1698 2192 inSpan-

378 2189 491 2263 bentii
508 2217 688 2285 amorem,
716 2215 753 2265 ut
774 2192 955 2265 discessum
974 2191 1047 2286 ejus
1065 2215 1106 2263 ex
1123 2190 1195 2263 istis
1213 2192 1285 2264 oris
1303 2216 1376 2265 non
1394 2193 1695 2267 mediocriterdo·

378 2290 647 2364 serentomnes.
676 2298 728 2365 At
747 2290 809 2364 iste
827 2318 846 2365 a
866 2291 1020 2390 negotiis
1038 2313 1111 2364 tam
1131 2290 1248 2365 arduis
1267 2291 1447 2388 paululum
1466 2292 1625 2366 animum
1644 2318 1695 2365 te·

378 2390 500 2463 laxans
518 2387 681 2480 secessus,
708 2415 789 2464 cum
809 2391 967 2464 Berolini
994 2391 1038 2463 ab
1064 2415 1159 2464 anno
1178 2389 1259 2463 inde
1291 2397 1391 2480 1689.
1417 2392 1590 2491 degeret,
1616 2414 1697 2464 tan·

379 2510 419 2559 to
439 2487 618 2560 uberiores
635 2489 771 2565 studius
793 2490 986 2564 soeneratus
1004 2489 1051 2563 est
1077 2488 1127 2563 rei
1152 2487 1339 2577 literarire,
1365 2515 1519 2588 quorum
1548 2489 1696 2563 initium

380 2584 639 2661 constituerunt
666 2591 803 2686 scriptae
828 2592 871 2664 ab
898 2589 974 2689 ipso
999 2595 1046 2662 A.
1069 2597 1171 2681 ι69ι.
1196 2589 1239 2661 ad
1267 2589 1501 2665 Laurentium
1520 2593 1696 2685 Begetum

380 2682 568 2784 Epirote,
593 2713 674 2760 cum
695 2688 1016 2764 observationibus
1034 2692 1070 2762 dt
1088 2686 1318 2785 Conjesturis
1345 2688 1473 2786 Begeri
1500 2689 1543 2763 ad
1559 2691 1695 2760 xxtv.

382 2785 769 2880 antiquaNumismata
787 2789 991 2883 publicatae,
1016 2789 1237 2861 reconditam
1258 2790 1360 2883 plane
1377 2788 1615 2863 eruditionem
1632 2783 1698 2875 spi·
1744 2869 1746 2872 ¹

381 2902 518 2953 rantes.
546 2883 687 2969 Quibus
703 2883 889 2955 successere
908 2882 983 2979 post
1001 2906 1133 2953 novant
1152 2883 1424 2952 Differtationis
1441 2886 1482 2953 de
1496 2879 1598 2951 Vesta
1611 2876 1698 2950 Edi-

381 2975 550 3067 tionem‚
578 2978 740 3076 Epistosae
766 2981 923 3078 quinque
948 2982 1046 3051 Arm.
1071 2987 1173 3068 1695.
1198 2979 1241 3051 ad
1270 2977 1452 3050 Andreatn
1482 2974 1696 3050 Morelsium

376 3074 541 3169 scripta,
567 3101 653 3174 quas
671 3078 732 3150 isse
746 3076 942 3176 Specimitti
960 3077 1022 3149 suo
1040 3076 1109 3151 Rei
1127 3073 1296 3149 universae
1307 3076 1530 3151 Nummariae
1544 3074 1698 3175 antique

383 3171 566 3267 adjunxit.
594 3178 824 3274 splendorem
844 3199 932 3249 vero
950 3175 1041 3249 haud
1062 3175 1244 3272 vulgarem
1266 3175 1373 3273 paulo
1392 3173 1465 3273 post
1485 3175 1696 3255 conciliavit

383 3273 454 3345 Vir
474 3297 620 3372 magnus
637 3273 1057 3351 Graevianaecatlimachi
1075 3274 1262 3368 Editioni,
1289 3274 1326 3347 in
1344 3299 1413 3373 qua
1430 3274 1698 3357 observationes

383 3371 661 3471 Spanbemianas
679 3374 826 3446 insertas
842 3375 931 3460 esse,
959 3373 1222 3473 plurimumque
1239 3373 1376 3448 decoris
1395 3372 1447 3446 issi
1458 3372 1606 3464 afferre,
1632 3399 1697 3448 no·

384 3492 461 3544 turn
481 3468 547 3543 est.
576 3474 658 3563 Qua
685 3471 855 3545 felicitate
872 3496 1016 3571 quoque
1033 3472 1090 3546 usa
1105 3471 1155 3545 est
1172 3498 1320 3572 operum
1337 3472 1471 3558 Iuliani
1490 3474 1617 3548 Editio
1635 3473 1697 3548 Li·

379 3567 520 3666 psiensrs
541 3571 637 3642 Arm.
659 3579 761 3663 1696.
788 3572 986 3672 publicata,
1012 3570 1250 3672 insrgniffituis
1274 3568 1481 3684 Spanstemii
1502 3576 1700 3647 Commen-

383 3665 485 3740 tariis
502 3667 544 3742 ad
562 3670 778 3744 Orationem
799 3672 950 3769 primam
968 3671 1003 3741 ἃ
1015 3670 1227 3745 Prasatione
1243 3672 1326 3745 satrs
1341 3673 1458 3768 ampla
1476 3672 1697 3753 collustrata.

383 3764 456 3838 Cui
485 3791 601 3864 opera·
626 3768 783 3843 successit
810 3771 901 3867 apud
928 3766 1088 3843 nostrum
1113 3771 1322 3868 amplissima
1348 3771 1392 3843 de
1411 3770 1510 3845 Orbe
1529 3775 1698 3846 Romano

382 3866 681 3956 Commentario,
709 3868 885 3966 publicata
903 3869 1024 3968 primo
1052 3876 1148 3943 Anu.
1173 3880 1275 3959 ¹⁶97·
1303 3869 1339 3941 &
1358 3867 1489 3945 inserta
1506 3868 1699 3946 Volumini

380 3965 446 4035 xt.
465 3962 641 4038 Thesauri
667 3968 943 4067 Antiquitatum
968 3968 1183 4043 Gratiani.
1211 3967 1355 4061 Quibus
1378 3969 1545 4068 operibus
1567 3970 1699 4047 conde·

378 4083 544 4136 corutum
567 4064 682 4139 otium
701 4067 814 4140 veluti
830 4067 1031 4142 literarium
1050 4068 1274 4143 Berolinense
1291 4093 1516 4145 commutare
1532 4069 1636 4166 jussus
1649 4066 1700 4143 est

379 4157 516 4235 iterum
533 4184 618 4236 tum
637 4163 783 4269 strepitu
800 4168 909 4256 culte,
936 4168 1151 4270 publiceque
1167 4169 1219 4244 rei
1236 4194 1344 4260 cura,
1369 4167 1444 4269 post
1454 4174 1581 4244 Pacem
1599 4192 1700 4242 nem·

383 4283 426 4355 pe
447 4262 699 4354 Rysvicensem
719 4270 818 4341 Anu.
839 4279 944 4359 ¹⁶97·
963 4268 1097 4343 iterum
1115 4270 1158 4344 ad
1178 4273 1313 4370 Regem
1332 4269 1463 4344 Gallia
1485 4268 1700 4367 ablegatus,

383 4360 476 4469 apud
495 4385 601 4459 quem
620 4365 663 4436 ad
679 4391 811 4439 annum
835 4390 943 4466 usque
968 4394 1071 4459 1702.
1092 4366 1210 4458 bresit,
1237 4368 1357 4442 medio
1383 4384 1546 4465 tempore
1562 4395 1582 4442 a
1598 4373 1700 4442 Sere·

381 4456 528 4533 nrssrmo
544 4462 711 4539 Esessore
725 4466 1038 4567 Brandeburgicn‚
1065 4492 1146 4545 cum
1165 4469 1276 4569 Regis
1295 4465 1463 4543 Boruffiae
1480 4467 1618 4641 ritttlop1
1616 4471 1704 4560 Ma-⁴

1559 4596 1590 4669 Je
1621 4593 1658 4641 a·
