3709 5434
436 160 494 293 18
835 153 1226 257 Acta

174 408 337 478 Apffiwd,
359 375 491 451 llionem
523 377 560 451 in
578 372 746 465 inflanti,
778 368 842 456 nili
864 370 923 443 vis
946 368 1072 441 matrix
1094 365 1185 454 adfit
1203 420 1228 459 ,.
1246 368 1433 464 producere
1457 370 1573 465 poffe.
1605 376 1710 461 (18)

175 498 335 570 nnna7rt
358 477 567 554 Extrinseca
594 474 712 564 enim,
737 470 806 562 ait,
833 492 975 544 tantum
993 466 1087 540 foret
1105 467 1373 559 denominatio,
1399 495 1476 570 qua
1494 470 1706 571 distingue-

175 571 219 634 Μ’
239 570 322 652 Septi
360 601 458 653 retur
487 603 555 651 una
583 601 661 677 pars
689 568 915 645 materia-alt
942 567 1032 658 alia,
1060 593 1186 664 nempe
1213 565 1401 658 afutura,
1430 572 1535 667 quod
1553 570 1706 643 seilicet

355 678 393 751 in
413 674 589 776 posterum
618 675 658 748 stt
685 672 805 751 statura
832 668 905 745 alio
932 670 990 740 vel
1015 667 1090 740 alio
1116 668 1225 754 loco,
1252 665 1572 767 inpresentiarum
1603 695 1705 743 vero

355 776 545 853 discrimen
573 775 656 849 esset
683 770 839 847 nullum.
866 771 948 842 lmo
968 794 1013 841 ne
1031 794 1051 842 a
1068 765 1190 841 futuro
1206 766 1349 866 quidem
1369 795 1452 845 curn
1475 770 1706 846 fundamen·

356 901 397 952 to
422 874 642 965 sumeretur,
667 872 752 973 quia
778 892 959 970 nunquam
986 865 1097 940 etiam
1124 867 1364 967 inpollermn,
1390 873 1433 944 ad
1467 898 1604 944 verum
1636 871 1709 945 alia

355 975 452 1077 quod
481 974 625 1071 praesens
652 971 840 1046 discrimen
868 967 1119 1053 deveniretur3
1146 993 1227 1041 cum
1248 969 1426 1043 neclocus
1446 994 1468 1044 a
1491 972 1605 1059 loco,
1636 994 1709 1044 nec

355 1073 507 1149 materia
535 1074 578 1147 ab
601 1072 672 1146 alia
699 1069 848 1144 materia
875 1076 950 1156 (ex
974 1065 1160 1166 hypothes
1186 1065 1347 1165 perfelie
1374 1069 1472 1143 illius
1501 1069 1711 1144 uniformi·

358 1173 443 1247 tatia
460 1172 500 1246 in
523 1170 704 1260 materia)
728 1167 896 1268 distingui
915 1166 985 1240 ulla
1003 1188 1088 1239 uota
1107 1189 1231 1265 queat.
1260 1173 1358 1260 (19)
1385 1167 1538 1242 Frustra
1559 1171 1709 1258 etiam,

354 1273 490 1371 pergit,
514 1271 559 1347 ad
586 1268 612 1343 fi
639 1295 741 1344 utam
769 1290 894 1369 prater
922 1289 1062 1338 motum
1091 1290 1355 1342 recurretecur.
1382 1270 1485 1342 Nam
1515 1269 1557 1343 in
1590 1269 1711 1343 massa

357 1370 514 1472 persel1e
540 1297 705 1457 similari,
731 1369 765 1441 δι
791 1363 1075 1441 indiscriminata
1101 1365 1138 1436 dt
1166 1366 1296 1466 plena,
1322 1367 1420 1441 nulla
1447 1367 1580 1443 oritur
1608 1366 1712 1470 ligra⁴

362 1496 402 1545 ra
419 1469 478 1545 seu
496 1468 708 1545 terminatio
733 1466 888 1565 partium
903 1464 1144 1553 diversarum,
1173 1463 1235 1538 nili
1255 1465 1390 1565 abipso
1409 1493 1536 1542 motu.
1569 1468 1709 1562 Quod-

362 1569 494 1672 srergo
512 1593 633 1647 mortu
657 1568 793 1643 nullam
812 1564 1048 1663 distinguendi
1068 1589 1191 1638 notam
1211 1564 1397 1656 continet,
1423 1567 1564 1642 nullam
1586 1569 1706 1642 etiam

364 1668 487 1770 figure
513 1670 713 1772 largietur.
750 1668 881 1736 Etenim
906 1662 1148 1759 ingeniostffimo
1172 1665 1336 1739 leibnitio
1357 1668 1510 1737 lubenter
1536 1670 1708 1760 efferatior

363 1771 491 1865 (quod
512 1772 616 1842 etiam
639 1771 675 1839 in
698 1763 913 1863 propositione
937 1766 1141 1858 precedente
1155 1764 1283 1849 ostendi
1298 1775 1314 1855 )
1327 1785 1464 1862 corporo
1487 1769 1524 1838 in
1552 1768 1708 1855 inflanti

187 1900 259 1984 rag.
272 1915 344 1978 404,
368 1869 460 1941 baud
484 1868 622 1940 aliunde
647 1891 746 1961 quom
771 1892 792 1936 a
815 1868 856 1935 vi
876 1865 1016 1936 metrice
1040 1866 1089 1935 ita
1116 1864 1253 1956 differre
1281 1864 1397 1961 polle,
1433 1885 1471 1936 ut
1496 1867 1586 1940 inde
1622 1869 1707 1938 veti

365 1968 522 2059 remini,
545 1992 633 2039 erere
657 1964 776 2060 figura
800 1961 873 2036 (9¹0.
897 1966 1030 2036 illoram
1048 1964 1195 2059 strigilis
1220 1964 1377 2060 effigiari
1402 1988 1544 2060 querat.
1576 1972 1707 2039 Verum

368 2071 408 2142 iel
417 2069 524 2163 solum
547 2065 777 2139 animadverti
799 2065 922 2158 cupio,
940 2064 1021 2149 five
1044 2066 1111 2139 bet
1134 2067 1190 2134 vis
1213 2068 1333 2137 metria
1350 2064 1401 2148 stt
1425 2065 1573 2158 efficacia
1594 2072 1703 2138 Enete

370 2170 477 2242 creati
491 2168 535 2239 ab
548 2169 624 2264 ipso
641 2163 777 2237 materia
784 2161 866 2247 five
881 2163 1063 2249 extenstone
1078 2161 1244 2252 dillinlli,
1271 2186 1309 2236 rtt
1326 2168 1382 2236 Vir
1398 2166 1610 2257 Clarissimus
1622 2166 1702 2255 fla·

370 2268 458 2356 tuit,
477 2266 556 2352 five
570 2265 657 2338 enti}
671 2293 691 2335 a
702 2267 741 2360 se
757 2262 922 2351 'existentis
939 2261 983 2332 (9⁵
998 2264 1041 2334 ab
1057 2266 1131 2361 ipse
1146 2263 1329 2350 extenstone
1345 2263 1494 2352 distinete·
1502 2317 1513 2352 ,
1538 2291 1617 2359 qtae
1643 2294 1704 2337 ex·

370 2365 507 2452 teostoni
530 2366 676 2462 quolibet
700 2383 802 2436 motus
822 2362 877 2459 sui
900 2362 1039 2450 inflanti
1060 2364 1201 2461 presens
1224 2365 1289 2453 esi,
1316 2362 1362 2433 (Ὺ
1375 2363 1554 2459 sucreffive
1579 2368 1618 2435 ire
1635 2368 1705 2437 itta

370 2486 494 2539 motum
507 2485 664 2562 operator
681 2493 699 2551 ‚·
723 2464 759 2535 io
775 2489 838 2535 uno
853 2465 930 2556 cosa
947 2463 1040 2536 baud
1056 2469 1211 2556 majorem
1222 2463 1297 2554 fere
1314 2463 1551 2552 dillinilionenr
1579 2487 1703 2536 exten·

360 2562 468 2653 fionir
484 2569 544 2662 sea
571 2566 714 2640 materia
737 2564 772 2636 in
805 2561 945 2651 inflanti
968 2566 1011 2635 ab
1037 2568 1107 2637 alia
1129 2585 1191 2661 per
1215 2565 1337 2637 hancce
1375 2566 1448 2635 vim
1484 2564 1659 2638 matricem
1690 2616 1705 2651 ,

370 2691 472 2764 quant
498 2662 534 2742 in
558 2668 693 2740 altero.
731 2665 828 2738 Unde
850 2666 951 2737 etiam
975 2668 1182 2763 perspicuam
1206 2663 1281 2758 est,
1320 2666 1379 2738 vis
1404 2666 1552 2740 metricis
1572 2684 1708 2738 create

369 2765 572 2853 existentiam
599 2796 639 2836 ex
663 2766 761 2839 hocce
784 2787 977 2857 argumento
996 2767 1149 2851 stabiliri
1173 2794 1237 2838 non
1260 2768 1361 2860 polle.
1694 2794 1696 2797 ·

424 2862 609 2935 Hellenas
637 2862 745 2934 verba
772 2861 1071 2945 Elementorum,
1097 2887 1249 2958 quorum
1273 2863 1466 2933 laudandus
1492 2862 1539 2932 est
1567 2868 1704 2932 Autor

373 2959 631 3049 dollillimua,
665 2957 749 3032 dum
777 2956 937 3058 agnoscit
965 2958 1098 3056 aliquid
1127 2960 1170 3035 ad
1196 2955 1459 3031 dillinltinnem
1485 2956 1592 3031 statue
1621 2976 1705 3028 ruo-

372 3059 555 3134 mentanei
573 3057 750 3158 praesentis
768 3059 803 3133 dt
821 3057 1017 3161 sequentis,
1044 3056 1311 3169 tollendamque
1329 3078 1535 3156 perpetuam
1554 3051 1699 3131 unifor-

372 3157 537 3237 mitatem
557 3159 718 3235 loeorum
739 3160 774 3231 8<
795 3181 997 3257 temporum
1014 3158 1082 3229 elle
1100 3157 1328 3232 necessarium
1348 3180 1472 3254 preter
1484 3157 1698 3248 materiata,

374 3258 687 3359 nequediscrimen
708 3258 802 3333 inter
823 3257 977 3332 materia
998 3281 1114 3357 parter
1130 3282 1191 3332 aut
1208 3280 1400 3355 corporum
1415 3252 1694 3331 difformitatem

374 3358 414 3433 in
432 3360 517 3434 dato
545 3381 731 3434 momento
758 3355 1038 3446 admittendam,
1065 3357 1149 3431 alibi
1174 3356 1304 3432 reiiius
1324 3355 1439 3455 quari
1464 3381 1571 3469 quam
1589 3357 1627 3432 in
1655 3357 1697 3429 vi

373 3460 528 3533 metrice
544 3458 740 3535 extenfioni
757 3456 815 3532 seu
832 3455 1008 3531 localitati
1024 3457 1269 3555 superaddita,
1294 3459 1390 3557 quod
1402 3455 1559 3557 plerique
1572 3481 1696 3532 recent

375 3555 510 3633 tiorum
528 3557 697 3635 halienus
719 3583 790 3631 non
812 3581 1008 3657 agnovere.
1034 3558 1102 3631 Sed
1119 3566 1212 3648 (aon)
1230 3553 1467 3646 mirumlest,
1492 3557 1588 3656 qaod
1615 3557 1697 3633 illar

373 3656 489 3746 vires,
515 3656 690 3759 inquibus
709 3656 863 3756 partium
881 3656 1039 3729 materiae
1054 3656 1243 3731 discrimen
1262 3655 1438 3744 consistit,
1465 3682 1538 3730 non
1557 3658 1594 3732 in
1613 3683 1696 3731 cor·

374 3780 462 3854 pore
481 3778 650 3858 tanquam
668 3758 705 3829 in
734 3754 910 3853 subjello,
937 3755 995 3831 sed
1021 3779 1129 3830 extra·
1146 3756 1234 3831 illud
1260 3757 1300 3831 in
1320 3760 1404 3832 Deo
1422 3759 1569 3855 quaerit.
1596 3760 1696 3833 Cum

375 3876 496 3928 tamen
518 3861 583 3943 (τι
597 3866 612 3945 )
627 3852 777 3929 formale
796 3853 983 3929 discrimen
1002 3881 1121 3930 terum
1139 3882 1211 3931 non
1230 3856 1267 3929 in
1287 3855 1488 3931 extrinseco
1504 3857 1561 3933 sed
1583 3856 1621 3932 in
1639 3858 1698 3956 ip·

374 3951 417 4026 sis
432 3953 614 4029 consistere
633 3955 778 4045 debeat,
802 3954 925 4053 itaque
952 3964 1048 4044 (aa)
1072 3955 1146 4031 haec
1165 3958 1219 4030 vis
1248 3981 1311 4057 per
1336 3957 1417 4031 loca
1443 3954 1594 4056 dispersa
1621 3982 1698 4033 uon

374 4048 477 4125 elliu
505 4052 580 4152 ipso
600 4058 684 4129 Deo
712 4076 882 4153 tanquam
893 4051 942 4134 ¹¹in
970 4053 1147 4152 subpilo,
1174 4054 1345 4155 nifiyquis
1363 4059 1483 4131 Deum
1512 4079 1630 4130 vertar
1657 4058 1697 4131 in

374 4171 540 4226 naturam
557 4176 760 4228 naturatum
778 4159 816 4224 dc
833 4152 1025 4251 particulae
1048 4154 1124 4253 ejus
1150 4181 1212 4256 per
1240 4155 1428 4231 materiam
1455 4153 1696 4231 disseminatas

374 4245 511 4349 lingat,
536 4255 631 4353 quod
656 4251 865 4326 Clariffimo
884 4256 1020 4343 durari
1037 4256 1195 4331 tribuere
1220 4253 1385 4358 iniquum
1410 4254 1537 4329 suerit.
1566 4254 1616 4329 Et
1642 4281 1695 4332 re·

374 4374 459 4425 tera
481 4352 650 4453 (ις),ςυί
672 4352 739 4427 hoe
757 4352 924 4443 doceret,
950 4357 989 4428 in
1008 4355 1161 4430 nostram
1184 4357 1329 4457 quidem
1347 4354 1551 4433 dolirinam
1573 4358 1695 4456 quoad

374 4445 523 4560 piterio
548 4451 759 4552 corporibus
775 4450 961 4528 existentes
978 4455 1170 4546 recideret,
1197 4456 1254 4530 sed
1272 4457 1309 4529 in
1328 4482 1372 4529 eo
1390 4476 1574 4553 peccaret,
1599 4456 1698 4554 quod

377 4570 422 4619 na
437 4571 627 4629 contentus
643 4577 717 4631 non
743 4553 935 4657 assurgeret
962 4558 1005 4635 ad
1024 4554 1146 4633 Deum
1171 4578 1335 4633 autorem
1352 4558 1387 4629 δι
1413 4555 1516 4629 rebus
1540 4551 1700 4653 liparim

730 4686 732 4689 ·
1555 4678 1655 4745 rem,
