3709 5434
499 182 591 327 382
759 132 1277 289 -Acra

235 404 465 501 ffiffimdssst
493 403 616 479 charta
644 402 742 479 ultro
767 399 934 504 cirroque
962 428 1070 505 usque
1098 427 1163 492 eo,
1189 401 1302 476 donec
1329 399 1453 474 charta
1481 400 1516 473 8(
1544 403 1683 504 prisma
1707 405 1762 504 ju·

235 520 398 611 Amr717.
421 504 473 581 llo
492 504 588 580 inter
605 503 638 579 se
668 504 784 606 spatio
810 496 962 596 distent,
989 530 1063 603 quo
1091 502 1275 577 redilinea
1303 500 1470 601 imaginis
1497 500 1608 579 latera
1638 526 1758 607 quam

235 594 282 658 M·
300 597 396 663 Mffl·
417 607 572 683 maxime
600 604 767 680 distinere
791 627 1010 711 appareant,
1037 604 1108 678 line
1137 605 1206 678 ulla
1235 605 1448 705 penumbra.
1477 608 1530 679 Ea
1559 606 1692 707 imago
1723 633 1759 702 pr

416 705 554 784 constat
582 733 627 781 ex
653 705 797 780 circulis
821 734 887 802 ag,
914 707 982 797 bb,
1008 707 1060 796 ci,
1087 708 1156 795 da,
1183 708 1237 797 el,
1265 705 1301 778 in
1331 726 1399 779 una
1428 707 1621 807 eademque
1650 712 1757 786 recia

417 808 546 885 ordine
574 807 752 883 contiuuo
780 804 956 903 dispositis
977 859 988 897 ,
1009 805 1088 906 ‘qui
1115 805 1241 906 singuli
1278 807 1426 907 aquales
1453 804 1534 879 sunt
1562 807 1712 884 circulo
1741 816 1756 886 l

416 912 451 983 8(
467 905 905 1010 consequenterforamini
919 911 948 979 F
961 906 1209 1004 magnitudine
1229 907 1463 1004 respondent.
1491 911 1753 999 Quamobrem

415 1011 614 1101 minuendo
641 1011 677 1084 id
704 1006 867 1082 foramen
897 1006 933 1079 hi
953 1008 1099 1097 circuli,
1126 1007 1251 1081 iisdem
1272 1007 1383 1081 adhuc
1404 1010 1632 1081 manentibus
1664 1039 1747 1087 cen-

415 1135 556 1185 trorum
574 1108 776 1183 intervallis
802 1109 838 1181 in
858 1132 964 1206 quam
986 1105 1355 1205 libueritparviratem
1369 1108 1533 1181 contrabi
1551 1135 1749 1207 poterunt,

289 1206 293 1221 ’
414 1212 571 1311 indeque
597 1208 823 1284 obtinebitur
850 1208 1034 1282 radiorum
1065 1208 1223 1280 mixtura
1251 1208 1287 1281 in
1317 1209 1473 1306 imagine
1500 1228 1538 1304 pa
1565 1233 1645 1284 tam
1667 1239 1746 1312 par·

414 1336 485 1402 va,
510 1335 618 1410 quam
647 1308 712 1409 ipsa
737 1309 925 1409 cupimus.
954 1312 1054 1383 Loco
1082 1307 1229 1384 rotundi
1254 1308 1443 1382 foraminis
1470 1313 1499 1383 F
1530 1310 1661 1386 melius
1689 1313 1747 1389 ad·
1821 1372 1822 1391 i

414 1410 562 1485 hibetur
588 1411 698 1486 oblon
729 1435 809 1500 um,
837 1410 955 1483 forma
982 1408 1130 1508 oblongi
1160 1408 1507 1509 parallelogrammi,
1536 1407 1633 1509 cujus
1662 1414 1744 1489 lon·

417 1511 545 1612 gitudo
573 1436 739 1611 parallela
767 1508 808 1584 stt
836 1509 1002 1609 prismati
1030 1513 1130 1583 ΑΒΕ
1158 1512 1192 1583 8(
1221 1510 1332 1585 unciae
1359 1510 1461 1582 unius
1489 1535 1550 1583 aut
1570 1515 1744 1605 duarum,

415 1612 572 1688 latitudo
598 1609 828 1685 solummodo
852 1617 886 1709 3¹5
912 1634 972 1685 aut
1001 1617 1036 1703 {a
1063 1610 1192 1686 uncia.
1224 1608 1340 1683 Potest
1368 1609 1477 1683 etiam
1506 1612 1664 1687 adhiberi
1681 1614 1738 1688 fo·

415 1736 541 1787 ramen
570 1711 814 1810 triangulum,
840 1711 934 1784 binis
961 1710 1130 1787 lateribus
1155 1711 1250 1783 inter
1277 1709 1311 1783 le
1330 1711 1539 1810 equalibus,
1568 1711 1662 1811 cuius
1678 1715 1734 1789 ba·

415 1812 458 1887 ste
484 1839 514 1886 e.
533 1838 586 1912 gr.
604 1813 751 1885 circiter
776 1816 811 1913 3¹3
838 1810 971 1900 uncia,
997 1811 1152 1885 altitudo
1181 1809 1284 1884 uncia
1312 1836 1381 1884 una
1409 1836 1467 1886 aut
1497 1816 1575 1911 plus
1595 1840 1654 1886 eo.
1678 1818 1742 1889 Et·

414 1912 514 1987 enim
542 1914 612 1984 hoc
640 1910 768 2008 padio,
795 1913 819 1984 st
847 1910 1029 2015 priamatia
1055 1910 1129 1983 axis
1157 1910 1196 1985 fit
1225 1912 1410 2009 parallelus
1427 1913 1742 2014 adrtiangulipet·

416 2009 706 2111 pendiculatem,
733 2009 856 2110 imago
879 2031 921 2108 pr
946 2008 1018 2108 jam
1047 2011 1243 2109 composita
1270 2009 1339 2085 erit
1369 2035 1410 2083 ex
1431 2012 1623 2115 triangulis
1641 2015 1744 2115 aqui·

414 2111 532 2186 cruris
548 2137 613 2207 ag,
638 2111 704 2200 bb,
730 2112 782 2195 ci,
808 2112 877 2201 dle,
902 2111 953 2201 el,
973 2111 1025 2201 sm
1044 2112 1111 2184 &u
1140 2111 1287 2208 aliisque
1306 2111 1503 2187 innumeris
1520 2113 1743 2193 intermediis
1821 2152 1822 2187 ;

416 2211 628 2309 triangulis,
655 2208 829 2284 foramini
847 2209 1195 2307 triangulari‘forma
1214 2213 1249 2283 8(
1267 2211 1514 2310 magnitudine
1529 2212 1741 2312 responden:
1821 2210 1822 2213 ¹

416 2309 512 2383 tibus
530 2313 566 2382 8(
584 2310 682 2383 inter
700 2310 786 2383 duaa
804 2309 917 2383 linear
936 2309 1120 2406 parallelas
1143 2311 1189 2401 ef
1200 2312 1235 2383 8(
1249 2338 1310 2408 gm
1337 2311 1465 2389 ordine
1486 2313 1667 2387 continuo
1696 2316 1743 2397 die

416 2406 572 2508 spofitia.
600 2412 726 2502 Quare
752 2409 872 2483 lumen
900 2412 1049 2484 alatere
1076 2410 1276 2484 obscuriori
1299 2437 1358 2509 gur
1383 2413 1458 2486 erit
1483 2414 1584 2514 plane
1612 2414 1739 2513 simpli·

414 2509 625 2601 cillimum,
660 2508 851 2585 aclariori
886 2510 932 2601 af
958 2510 1181 2610 aliquantum
1219 2510 1485 2611 compofitunr,
1521 2536 1562 2587 ut
1586 2515 1667 2588 adeo
1693 2513 1732 2591 iu

411 2631 572 2712 utroque
596 2608 703 2685 varia
727 2610 974 2710 experimenta
1002 2637 1072 2685 una
1098 2637 1223 2711 capere
1240 2612 1365 2686 liceat.
1394 2616 1437 2687 In
1458 2613 1661 2710 hujusmodi
1678 2640 1736 2688 ex·
1821 2628 1822 2637 ’

391 2710 394 2716 “
411 2710 629 2811 perimentis
655 2709 860 2786 cubiculum
888 2713 956 2785 elle
974 2712 1078 2787 deber
1098 2712 1256 2788 maxime
1274 2713 1564 2806 tenebricosum,
1589 2715 1664 2790 lens
1680 2713 1735 2790 bo·

411 2834 483 2902 rra,
510 2812 624 2913 qualis
650 2811 690 2884 in
718 2811 813 2885 tubis
840 2811 1003 2886 adhiberi
1030 2812 1141 2906 soler,
1169 2812 1299 2915 prisma
1317 2815 1449 2915 angulo
1466 2814 1656 2916 longiori,
1679 2842 1734 2931 pu·

411 2930 452 2984 ta
478 2934 529 2999 70
554 2911 757 3008 graduum,
784 2910 943 3009 beneque
970 2911 1104 2986 fabium
1133 2940 1177 2986 ex
1205 2915 1305 2989 virro
1323 2916 1426 2990 bullis
1444 2915 1660 3018 venulisque
1676 2941 1734 2991 rm·

410 3006 542 3096 muni,
569 3008 606 3077 dr
633 3005 789 3080 faciebus
816 3031 981 3085 accurate
1008 3010 1142 3110 planis,
1170 3013 1308 3090 summa
1334 3016 1422 3090 item
1448 3041 1533 3091 cum
1555 3043 1646 3094 cura
1664 3043 1732 3117 per·
1821 3096 1822 3099 ,

408 3105 591 3206 politum,
617 3130 691 3206 quo
718 3106 828 3181 modo
853 3110 967 3183 lentes
994 3113 1163 3189 tuborum
1193 3115 1404 3214 poliuntur.
1439 3116 1635 3195 Prismatis
1663 3144 1736 3219 pre·
1821 3112 1822 3115 ¹

410 3226 509 3281 terea
536 3205 628 3282 acies
654 3208 830 3308 angulare
856 3208 1034 3311 lentisque
1060 3217 1339 3310 extremitates,
1365 3240 1541 3318 quatenus
1569 3217 1737 3319 irregula·

409 3328 489 3380 tem
516 3308 675 3481 aliguam
701 3307 956 3387 refractionem
982 3313 1123 3388 efficere
1152 3317 1307 3416 pulsant,
1334 3318 1458 3394 charta
1485 3318 1593 3420 nigra
1622 3320 1738 3421 agglu·
1821 3354 1822 3387 i

409 3406 528 3483 ainata
555 3433 579 3480 o
604 3407 680 3510 regi
706 3409 867 3502 debent,
901 3411 1064 3515 radiique
1092 3414 1215 3492 solaris
1241 3419 1279 3492 in
1308 3418 1514 3495 cubiculum
1543 3417 1738 3517 transmill'r
1821 3452 1822 3459 ¹

407 3507 532 3582 lumen
560 3507 597 3582 id
624 3536 754 3604 omne,
778 3512 876 3613 quod
904 3513 948 3589 acl
968 3517 1255 3614 experimentum
1272 3518 1343 3594 erit
1361 3518 1513 3612 inutile,
1542 3520 1667 3596 charra
1682 3520 1738 3594 ui·

226 3595 299 3686 Pssg·
320 3621 389 3688 234·
409 3632 473 3708 gra
500 3608 619 3684 alioue
646 3612 768 3713 aliquo
795 3613 904 3714 nigro
927 3615 1072 3714 objedlo
1089 3618 1409 3714 corpore'omniuo
1427 3619 1732 3721 intercipiendum

405 3704 474 3781 ell.
502 3709 677 3811 Denique
703 3713 789 3814 quia
808 3715 979 3811 prismata
996 3739 1079 3816 apra
1097 3717 1310 3795 difficillime
1329 3744 1604 3819 comparantur,
1629 3744 1734 3795 uteu-

406 3807 492 3883 dum
520 3809 568 3883 cll
597 3811 685 3885 uasis
708 3836 753 3886 ex
778 3813 1001 3913 speculorum
1028 3817 1296 3897 confradiorum
1324 3822 1485 3923 partibus
1511 3821 1550 3897 in
1579 3821 1737 3897 formam

404 3909 642 4012 primarum,
669 3913 833 3991 conclusa
860 3917 958 3992 intus
985 3944 1076 4018 aqua
1103 3921 1256 4020 pluvia,
1283 3924 1481 4023 compadlis
1499 3976 1520 4015 ,,
1539 3923 1578 3998 8(
1606 3924 1650 4000 ad
1678 3948 1738 3998 au·

406 4012 561 4112 gandam
579 4009 834 4114 refraelionem
861 4043 958 4123 aqua
971 4019 1128 4099 Sachare
1142 4024 1290 4102 Saturni
1307 4024 1450 4127 copiose
1466 4024 1586 4103 imbui
1605 4022 1738 4129 potest.
