3709 5434
503 207 602 323 '424
886 185 953 284 A·
1012 212 1043 283 c
1125 158 1279 283 ΤἸΔ

248 422 412 493 mma.
430 405 473 479 ab
498 403 622 480 occasu
648 398 687 474 in
704 418 825 473 ortum
851 396 914 471 sub
931 396 1021 469 Polo
1048 390 1191 465 rendere
1211 386 1382 476 videtur,
1406 410 1446 460 ea
1474 385 1551 461 loca
1580 385 1620 459 in
1649 384 1747 464 diseo

249 511 334 567 Ati-¹
366 523 376 564 1
402 545 410 564 ·
434 504 564 595 Terr'ae,
592 524 693 577 motu
712 497 894 572 contrario
914 494 950 567 in
971 492 1132 567 occasum
1153 486 1237 564 ferri
1256 487 1491 577 uidebuntur,
1520 487 1586 559 hoc
1602 484 1652 558 est
1673 516 1745 562 mo·

249 584 298 649 M·
365 524 415 647 Οἱ·
436 630 475 680 tu
492 629 573 680 cum
594 623 696 675 motu
714 596 859 695 proprio
876 597 1008 665 Veneris
1024 589 1271 687 conspiranre;
1299 586 1446 685 proinde
1468 585 1603 658 tardius
1626 613 1745 662 move·

428 705 463 780 ri
480 702 657 781 videbitur
676 700 780 769 Venus
799 698 893 771 iutra
911 696 1020 764 Solem
1039 744 1051 783 ,
1078 715 1117 764 ac
1136 713 1216 763 cum
1237 686 1460 762 diuturniore
1480 712 1579 760 mora
1612 686 1743 764 discum

427 804 503 903 ejus
520 796 747 900 pertransire.

480 901 664 997 Skitaque
691 896 728 967 in
747 916 900 991 utroque
918 892 1000 966 loco
1025 890 1083 965 bic
1111 888 1275 963 transitus
1303 882 1578 959 abArrificibus
1613 885 1742 962 idoneis
1814 930 1815 943 κ

431 998 626 1097 contigerit
662 993 780 1066 debite
805 991 1023 1082 observari,
1058 986 1280 1063 manifestum
1308 986 1353 1059 est
1390 986 1475 1058 toris
1507 988 1740 1062 tenrendecim

431 1097 581 1174 minutia
607 1092 808 1192 longiorem
832 1090 992 1166 suturam
1021 1089 1087 1163 esse
1117 1112 1253 1161 moram
1283 1088 1318 1158 in
1339 1110 1443 1183 portu
1464 1090 1609 1177 Nelsom'
1637 1088 1739 1161 obser·

432 1194 620 1284 rabilem,
646 1200 751 1292 quam
779 1215 855 1290 quae
882 1193 973 1291 apud
992 1191 1093 1261 Indos
1120 1186 1309 1259 orientales
1334 1184 1494 1281 expediar
1513 1199 1552 1257 da
1571 1186 1658 1258 est:
1687 1211 1739 1260 nee
1814 1192 1815 1229 ¹

435 1297 589 1371 multum
616 1290 723 1365 refert
750 1316 793 1363 an
823 1289 865 1363 ad
884 1287 1117 1363 Fortalirium
1138 1284 1249 1359 Sandis
1267 1288 1424 1379 Georgii,
1454 1287 1565 1382 vulgo
1584 1289 1739 1359 Maderar

356 1427 358 1430 ⁴
436 1394 604 1482 didium,
630 1392 687 1465 vel
712 1388 755 1464 ad
773 1390 973 1461 Benrouiara
994 1390 1030 1461 in
1051 1387 1159 1461 litore
1176 1387 1326 1459 occiduo
1347 1386 1470 1457 lnsulae
1488 1391 1656 1463 Sumam
1673 1414 1739 1484 pro·
1814 1470 1815 1485 χ

507 1513 721 1591 aquatorum
748 1488 909 1587 capiatur
936 1486 1168 1576 observatio,
1196 1483 1358 1580 frangas
1386 1507 1462 1554 rum
1483 1491 1661 1585 temporis
1679 1489 1735 1561 hac
1814 1500 1815 1545 ἱ

375 1608 384 1621 “
437 1521 550 1667 diaria
576 1616 665 1666 curre
690 1587 850 1661 fuerint.
882 1586 920 1661 Si
943 1613 1029 1660 vero
1046 1586 1156 1656 Gallis
1182 1583 1236 1657 bis
1262 1583 1362 1657 rebus
1388 1580 1589 1681 invigilare.
1616 1588 1736 1684 pirena·
1814 1582 1815 1643 3

437 1693 487 1766 rit
508 1743 519 1782 ,
546 1715 618 1764 non
648 1687 876 1761 incommode
902 1688 994 1785 apud
1011 1686 1224 1774 Poudeebery
1249 1681 1282 1755 se
1301 1683 1387 1757 sistet
1406 1680 1634 1759 Obi'errator
1653 1688 1686 1760 iu
1702 1686 1735 1758 li·
1814 1684 1815 1745 i

438 1814 517 1864 tore
541 1792 642 1861 Sinus
668 1788 843 1884 Gangeriei
867 1784 1115 1875 occidentali,
1149 1783 1210 1857 lirb
1236 1781 1424 1856 altitudine
1454 1784 1533 1854 Poli
1559 1785 1734 1863 duodecim
1814 1812 1815 1819 ¹

436 1888 510 1963 fere
537 1889 736 1986 graduum.
771 1888 922 1958 Batavis
948 1908 1066 1963 autem
1090 1882 1360 1957 celeberrimum
1386 1885 1546 1957 Βατανέα
1578 1884 1735 1960 suaeEm·
1814 1952 1815 1955 ,

439 1989 581 2089 porium
610 1983 909 2061 Observatorium
936 1984 1020 2060 huic
1049 1983 1196 2156 neffiotio
1224 1981 1306 2059 satis
1331 2004 1453 2080 aptum
1482 1984 1681 2076 ministrat,
1713 1982 1734 2057 st
1813 2016 1815 2093 ἦ

439 2088 551 2162 modo
577 2084 647 2159 illis
673 2083 782 2158 etiam
808 2086 947 2159 animur
972 2083 1079 2159 fuerit
1130 2110 1170 2157 ac
1197 2081 1234 2154 iu
1253 2082 1541 2179 parteeoeiorum
1564 2084 1733 2157 scientiam
1814 2100 1815 2159 r

440 2208 681 2288 promovere.
708 2187 765 2257 Ac
782 2183 861 2259 sane
889 2183 1016 2257 veliem
1044 2182 1187 2258 diverfis
1212 2181 1249 2254 iu
1266 2180 1354 2254 lotia
1371 2178 1526 2271 eiusdem
1547 2184 1735 2257 Pbaenome·

308 2360 311 2367 ,
440 2286 480 2361 ni
507 2281 773 2359 observationes
800 2280 996 2380 apluribur
1020 2282 1179 2372 institui,
1206 2302 1283 2355 tum
1311 2279 1353 2354 ad
1382 2276 1551 2373 majorem
1568 2281 1735 2355 adstruen-

440 2386 523 2461 dam
551 2407 594 2456 ex
619 2379 786 2457 consensu
813 2378 950 2471 fidem,
983 2405 1060 2456 tum
1087 2407 1130 2456 ne
1157 2379 1304 2453 nubium
1331 2378 1531 2453 interventa
1557 2379 1731 2453 frustrare·

439 2506 500 2559 rur
527 2480 710 2580 finguiuris
725 2481 940 2579 Spedbator,
967 2506 1010 2553 eo
1026 2478 1227 2577 spedaculo
1249 2477 1345 2578 quod
1364 2477 1475 2551 neseio
1489 2503 1531 2551 an
1550 2478 1658 2553 denuo
1675 2478 1727 2551 ri·

438 2583 512 2658 suri
536 2580 616 2655 sunt
644 2578 747 2676 hujus
774 2578 1065 2678 &subsequentis
1092 2579 1197 2653 seculi
1226 2579 1422 2664 mortales;
1455 2579 1491 2649 δι
1516 2605 1535 2651 a
1560 2588 1627 2678 qud
1653 2603 1732 2677 pen·

439 2683 499 2758 det
520 2678 755 2755 Problematis
783 2677 991 2751 nobilissimi
1020 2681 1055 2753 δι
1083 2680 1226 2755 aliunde
1252 2677 1568 2752 inacceffi'solutio
1585 2678 1733 2752 certa&
1813 2712 1814 2717 ¹

439 2783 648 2880 adaquata.
683 2776 842 2852 Curiofis
868 2776 980 2876 igitur
996 2777 1160 2873 syderum
1187 2778 1471 2867 scrutatoribus,
1499 2778 1649 2878 quibus,
1680 2803 1732 2849 no

441 2880 494 2954 bia
520 2880 595 2951 vita
613 2874 773 2964 fundis,
808 2875 881 2948 hae
908 2875 1125 2952 observanda
1153 2877 1406 2968 reservantur,
1443 2880 1577 2952 iterum
1604 2878 1731 2953 iterum·

438 3002 510 3077 que
533 2968 851 3063 dommendamus,
878 2993 947 3062 ut,
972 2976 1105 3049 moniti
1133 2976 1236 3074 hujus
1263 2974 1371 3051 nostri
1393 3002 1603 3070 memores,
1634 2976 1729 3051 obser·

355 3078 381 3099 '⁶
438 3072 582 3149 vationi
610 3072 812 3170 peragenda
838 3068 976 3144 strenue
1004 3075 1159 3174 rotisque
1186 3076 1321 3150 viribus
1355 3076 1600 3166 incumbant3
1639 3076 1730 3175 iisque

436 3171 547 3248 fausta
573 3169 696 3244 omnia
722 3190 932 3340 exoramur
957 3171 1217 3266 renovemus,
1252 3176 1446 3276 praeprimis
1473 3204 1517 3252 ne
1547 3176 1659 3252 nubili
1680 3200 1733 3248 crr-

390 3338 397 3351 .
436 3272 466 3349 li
492 3272 700 3374 importuna
736 3269 952 3344 obcuritate
985 3274 1252 3370 exoptariffimo
1287 3268 1487 3374 spe'diaculo
1524 3279 1732 3376 priventur3

437 3395 548 3474 utque
571 3369 725 3461 ,taudem
753 3368 1126 3447 Orbiumcoelestium
1162 3374 1458 3476 magnitudines,
1491 3376 1590 3451 intra
1625 3374 1735 3450 ardio-
1813 3394 1814 3401 ’

438 3497 496 3647 red
520 3468 653 3543 limites
680 3467 842 3545 coercita
872 3468 908 3544 iu
937 3497 1060 3548 eorum
1086 3473 1240 3574 gloriam
1266 3474 1468 3579 famamque
1496 3476 1738 3578 sempiternam
1812 3560 1814 3563 ,

239 3644 243 3652 r
434 3596 474 3648 fle
500 3592 584 3646 dni·
852 3637 858 3643 .
1166 3624 1169 3629 -

253 3664 328 3782 dig·
347 3698 417 3778 4⁶7,
487 3670 661 3746 Diximus
676 3694 829 3764 autem,
857 3672 922 3748 bae
951 3675 1090 3750 ratione
1116 3676 1207 3750 Solis
1227 3678 1427 3753 Paraliaxin
1453 3678 1552 3755 intra
1575 3682 1737 3781 quingen·
1813 3767 1814 3774 ἵ

434 3771 594 3848 resumam
619 3770 670 3844 sui
691 3796 828 3868 partem
855 3774 1064 3875 investigari
1083 3779 1205 3875 posse,
1231 3777 1267 3852 id
1287 3782 1382 3878 quod
1407 3782 1592 3855 nonnullis
1617 3779 1739 3855 mirum

434 3873 506 3949 fine
527 3869 637 3945 dubio
657 3870 864 3945 videbitur.
910 3866 1157 3951 Veruntamen
1186 3876 1209 3949 fi
1236 3877 1272 3951 in
1301 3902 1453 3980 utroque
1479 3880 1614 3955 eloris
1640 3898 1739 3978 nuper

433 3971 501 4049 deli
529 3969 621 4044 uatis
644 3995 808 4045 accurata
836 3970 1006 4048 habeatur
1025 3974 1227 4049 observatio
1241 3992 1263 4064 3‘
1280 3975 1351 4075 jam
1372 3978 1672 4072 monstravimus,
1695 4001 1742 4051 to·

432 4072 480 4145 tis
504 4001 754 4165 ieptendecim
763 4069 912 4146 minutia
930 4073 1072 4148 differre
1093 4077 1188 4148 inter
1207 4075 1240 4148 se
1260 4078 1465 4154 dotationes
1484 4082 1665 4177 Eelipseun
1692 4078 1742 4151 ba·

431 4196 513 4244 rum
539 4173 785 4281 Venientem,
819 4195 862 4242 ex
887 4173 1086 4271 Hypothefi
1113 4173 1276 4273 scilicet,
1311 4180 1408 4279 quod
1432 4180 1527 4252 Solia
1554 4174 1739 4281 paraturis

430 4268 540 4379 fuerit
567 4269 754 4344 duodecim
781 4293 860 4341 cum
881 4273 1033 4348 dimidio
1058 4274 1281 4357 minutorum
1299 4277 1561 4355 secundorum.
1604 4275 1744 4374 Quodb

430 4392 548 4477 maror
576 4371 633 4441 vel
656 4367 776 4481 minor
793 4371 991 4468 reperiatur
1017 4398 1060 4450 ex
1078 4375 1329 4452 observatione
1358 4378 1428 4457 bac
1447 4376 1658 4456 differentia
1678 4436 1688 4469 ,
1712 4380 1743 4451 in

429 4470 553 4545 eadem
569 4465 643 4548 fere
661 4488 802 4567 ratione
820 4471 937 4569 major
964 4475 1027 4550 vel.
1042 4476 1162 4553 minor
1181 4476 1251 4553 erit
1268 4478 1360 4554 Solis
1381 4479 1603 4581 parallaxir.
1642 4486 1747 4555 Com·

1636 4606 1705 4682 que
