3709 5434
398 171 1151 293 Eruotrouum
1311 222 1361 329 p

154 404 353 502 ‹laremque
372 398 442 475 tua
454 396 615 473 Familiae
632 393 851 490 vindicaret,
870 396 1171 475 nutrimentis
1189 398 1379 501 inlignibus
1396 428 1438 478 ac
1461 423 1622 495 esterna,

138 437 322 583 bonoribus
339 526 384 574 ex
402 497 534 573 merito
553 519 718 573 ornatus.
746 503 821 588 At,
849 522 930 575 eum
958 499 1051 575 bello
1078 524 1198 572 recens
1225 524 1311 577 otto
1337 506 1438 580 celsa·
1462 508 1620 583 Α11·1711·

134 630 179 682 ret
193 604 301 681 Auta
318 599 506 677 Boruffirre
521 624 603 673 eum
622 599 762 674 Gallica
779 599 1060 689 commercium,
1086 599 1213 698 Legati
1231 605 1443 683 Extraordi·
1465 584 1602 647 MNW·

136 704 214 781 uarii
246 699 358 801 Regii
384 700 494 773 ritulo
519 699 562 773 ad
589 696 871 772 Potentiffimam
901 699 1095 774 Britannice
1121 701 1300 800 Reginam
1327 704 1447 783 missus

135 805 173 881 ell
188 810 233 879 A.
265 824 380 892 1702,
407 799 541 899 primus
558 797 712 873 bonores
736 798 784 871 ibi
804 799 929 898 Regiis
947 800 1088 901 Legatis
1107 800 1218 874 tribui
1234 802 1359 878 solitos
1385 806 1447 881 fibi

137 904 394 975 vindicaturus.
423 902 526 990 Quos
543 896 624 973 sane
640 923 725 971 cum
741 899 851 996 Regis
868 897 992 998 ipsius,
1016 926 1123 1000 quem
1150 903 1447 1000 repraesentabat,
1471 883 1539 965 ΡΨ·
1557 902 1624 963 5²7⁹

136 1001 320 1098 Maiestate
339 996 481 1097 propria
499 997 561 1094 ipst
588 996 714 1071 merita
735 1021 948 1111 pepererunt
966 998 1217 1096 amplissimos,
1244 1004 1448 1106 quippequi

141 1128 209 1177 curn
236 1123 321 1174 tota
346 1095 500 1195 Familia
519 1098 665 1195 Regina
694 1119 853 1169 maxrmae
882 1100 965 1170 effer
992 1101 1383 1196 commendatiffimus,
1409 1107 1448 1180 in

146 1199 296 1274 curandis
317 1193 471 1294 negotiis
492 1221 572 1269 cum
593 1197 727 1271 summa
748 1196 962 1268 dexteritate
983 1194 1220 1289 felicissimus,
1248 1226 1287 1274 ac
1306 1229 1449 1298 prater·

148 1295 339 1372 tenemini
365 1321 436 1367 non
465 1318 507 1366 ex
534 1320 573 1367 ea
600 1315 738 1392 gente,
763 1294 801 1365 in
828 1320 897 1393 qua
927 1296 1100 1384 vivebat,
1136 1295 1242 1396 longe
1270 1300 1451 1376 diledlilli·

147 1425 228 1473 mus.
257 1398 387 1493 Neque
416 1419 504 1466 vero
532 1391 645 1466 llerile
673 1390 736 1489 ipli
761 1389 872 1465 solum
900 1391 969 1466 fuit
998 1393 1164 1493 Anglia,
1194 1420 1231 1469 ut
1262 1425 1366 1492 noo,
1394 1402 1452 1474 vel

147 1497 233 1571 senio
258 1489 546 1593 ingravescente,
573 1492 678 1590 vigor
694 1490 861 1589 antiquus
878 1490 1100 1565 dillustffimae
1118 1494 1333 1571 eruditionis
1352 1499 1452 1573 iden·

153 1596 251 1669 tidem
281 1588 460 1690 ptuduflis
487 1588 659 1664 ltudlibus
686 1587 835 1686 seipsum
860 1589 1079 1664 ostenderet·
1108 1593 1289 1668 Habemus
1307 1598 1381 1694 ejus
1400 1600 1452 1671 rei

160 1695 354 1767 documenta
389 1714 521 1763 novam
557 1687 858 1762 Differtationum
894 1689 937 1762 de
965 1690 1064 1764 Orbe
1101 1694 1269 1766 Romano
1296 1699 1455 1770 Londini

167 1800 206 1865 A.
224 1818 314 1881 ¹704·
339 1811 498 1861 curatam
525 1786 762 1876 Editionem,
790 1812 853 1859 nec
881 1814 956 1860 noo
983 1788 1220 1884 suppeditatas
1247 1795 1305 1867 Cl.
1335 1793 1454 1873 Kulle·

65 1920 69 1925 ·
168 1915 205 1963 to
227 1893 268 1965 ad
288 1886 476 1961 ornandam
506 1910 637 1959 novam
666 1883 914 1982 Aristophanis
942 1884 1151 1960 Editiouetu
1175 1889 1455 1967 Observationes

159 1987 195 2060 io
223 2012 291 2060 tres
332 1985 443 2059 tiores
470 1985 565 2059 illius
591 1982 828 2072 Comoedias,
858 1984 1049 2082 publicatas
1078 1993 1122 2060 Α.
1147 2012 1250 2079 17⁰9·
1282 1996 1330 2065 At
1358 2019 1457 2066 cum-

152 2086 273 2183 primis
296 2014 393 2167 [ζώω
420 2102 493 2163 tant
519 2080 663 2159 illustris
690 2084 840 2158 Antoris
875 2082 1024 2181 dignum
1052 2082 1098 2159 est
1125 2090 1229 2183 Opus
1254 2088 1459 2167 immortale
1562 2105 1566 2113 '

150 2184 189 2256 de
215 2182 476 2287 Pallantia&
505 2181 577 2255 Usu
587 2182 881 2271 Numismatum,
909 2179 1009 2282 cujus
1023 2183 1172 2281 ,priores
1184 2186 1459 2265 Difftrtatioues

147 2282 253 2356 tertia
281 2280 455 2381 &itione
479 2281 636 2359 Loudini
666 2287 713 2357 A.
745 2289 846 2373 1706.
874 2281 966 2359 fasta
991 2282 1044 2354 ira
1073 2286 1229 2359 excultas
1256 2288 1382 2379 dedit,
1419 2314 1459 2363 ut

140 2382 231 2455 nibil
249 2382 293 2459 ud
312 2376 585 2459 venustatem&
607 2380 859 2481 persediouem
878 2381 1213 2479 Operirdefiderari
1235 2388 1328 2482 polle
1341 2390 1459 2464 videa·

139 2506 219 2556 tur.
251 2480 336 2577 Qua
363 2478 452 2555 faeie
480 2481 635 2555 excultas
661 2482 810 2580 reliquas
833 2481 1131 2570 miserationes,
1158 2485 1361 2587 additasque
1390 2514 1461 2563 tres

135 2607 261 2664 novas
280 2578 459 2681 publicare
487 2605 567 2655 eum
600 2578 671 2675 ipse
695 2604 900 2677 properaret
925 2580 1072 2654 lllullris
1101 2589 1243 2673 Autor,
1269 2588 1463 2683 publicatas

136 2682 273 2751 videre
291 2678 477 2753 anhelaret
495 2677 604 2748 Orbis
621 2678 814 2762 Eruditua,
840 2700 957 2745 tanto·
972 2677 1139 2747 lunellius
1167 2681 1259 2754 haud
1286 2687 1387 2756 dubie
1415 2686 1464 2759 est

138 2776 293 2862 fatum,
319 2774 415 2869 quod
434 2770 565 2867 inltgne
582 2791 669 2863 opus
687 2768 904 2862 occupavit,
931 2769 1112 2870 ipsumque
1131 2775 1258 2850 Virum
1288 2780 1463 2859 summum

136 2870 283 2949 molleis
297 2869 401 2941 rebua
415 2867 570 2945 exemit.
597 2864 742 2965 Obtipit
764 2865 830 2937 ltoc
852 2865 906 2939 illi
915 2918 926 2955 ,
955 2868 991 2938 vi
1017 2871 1091 2943 enti
1110 2873 1223 2951 adhuc
1252 2882 1355 2976 paulo
1382 2907 1464 2956 ante

138 2997 215 3076 pro
237 2967 376 3040 ratione
402 2966 535 3054 aetatis,
564 2968 609 3037 A.
634 2988 734 3077 tyro.
762 2966 805 3037 de
830 2894 1047 3063 improvido,
1073 2996 1144 3043 non
1172 2996 1288 3049 tamen
1318 2979 1466 3078 impara-

141 3097 210 3160 to,
241 3066 285 3141 ad
304 3065 466 3139 meliores
485 3084 738 3163 occupationes
757 3089 837 3141 eum
858 3088 1010 3143 avocans
1032 3073 1147 3144 merse
1165 3076 1367 3152 Novembri
1387 3133 1398 3170 ,
1426 3107 1466 3154 ae·

146 3169 260 3258 tatis,
289 3163 661 3265 taroleniiexetuplo,
688 3172 857 3239 annullo.
886 3167 1315 3267 menfibusrr.superato.
1344 3182 1466 3269 Quem

147 3270 273 3341 virum
294 3289 467 3365 quantum
484 3262 708 3339 aestimaverit
728 3266 885 3367 Anglia,
910 3267 1035 3366 inqua
1054 3267 1135 3341 latis
1153 3271 1345 3362 concessit,
1372 3275 1468 3366 justis

154 3366 215 3464 ipit
242 3365 282 3438 io
310 3358 673 3437 Wellmooallerienst
701 3362 856 3455 Abbatia
886 3364 1103 3459 persolutis,
1138 3367 1468 3447 commonstravit.

154 3462 295 3555 Quanti
315 3458 427 3562 ipsum
445 3459 568 3538 lecerit
587 3464 665 3538 Rex
682 3462 849 3538 Borufftae
867 3462 1130 3554 Serenilstmus,
1157 3492 1251 3540 emta
1278 3468 1320 3542 ab
1346 3497 1389 3542 eo
1409 3496 1469 3569 pu·

155 3564 322 3676 blicoque
341 3561 422 3633 loco
440 3561 609 3633 asservata
629 3558 1278 3658 inligniBibliothecaSpanhemiana,
1304 3594 1379 3669 quae
1397 3569 1467 3667 jam

151 3663 293 3739 schedis
310 3660 393 3732 Viri
412 3658 560 3735 illustris
584 3656 687 3757 ipsius
707 3655 814 3757 Regis
841 3656 931 3754 jussu
951 3658 1105 3732 Londini
1131 3658 1280 3737 studiose
1307 3671 1471 3747 collellis

152 3760 368 3863 augebitur,
395 3758 605 3831 duraturum
636 3756 678 3830 ad
696 3780 841 3831 omnem
870 3757 1081 3830 memoriam
1110 3759 1156 3832 ell
1186 3762 1468 3843 documentum.

153 3868 246 3954 Quo
265 3883 387 3931 tameo
405 3857 512 3956 louge
531 3854 643 3955 magis
658 3854 833 3929 durabilia
849 3853 930 3929 sunt
951 3856 1171 3933 monimenta
1192 3860 1287 3935 iuter
1302 3868 1475 3940 Eruditos

154 3964 199 4040 ab
219 3956 302 4058 ipso
318 3954 448 4056 polita,
476 3954 600 4058 quibus
617 3951 793 4051 speramus
811 3955 1021 4030 accelluram
1041 3958 1245 4054 propediem
1257 3965 1475 4065 reliquarum
1514 3983 1523 3997 ’

157 4064 199 4136 de
220 4053 427 4136 Praestantia
445 4059 478 4127 de
498 4051 572 4127 Usu
589 4053 858 4131 Numismatum
878 4054 1178 4131 Differtationum
1194 4085 1331 4135 novam
1348 4064 1476 4137 editio·

160 4185 269 4250 nem,
298 4157 342 4231 ab
358 4152 488 4228 illustri
510 4150 602 4223 Viro
619 4175 702 4227 ante
720 4150 859 4227 obitum
885 4155 993 4251 praelo
1020 4153 1158 4251 penitus
1186 4182 1368 4255 paratam,
1394 4186 1478 4259 pta·

162 4285 217 4333 ter
239 4278 376 4344 novat,
402 4279 486 4352 quas
508 4247 658 4347 adjicere
680 4251 939 4342 meditabatur,
967 4253 1243 4328 Differtationes
1274 4281 1366 4347 tres,
1392 4284 1479 4358 quas

165 4383 248 4432 eum
272 4350 561 4428 defideratillimo
578 4344 622 4433 ad
640 4347 840 4440 AElchylum
852 4350 1128 4424 Commentario
1145 4353 1291 4453 aliisque
1309 4354 1404 4442 inter
1423 4359 1482 4432 ad·
1502 4350 1571 4433 ¹²³8·
1594 4344 1661 4427 52⁸·

164 4458 262 4541 freta
281 4450 365 4532 Viti
384 4449 511 4531 summi
530 4452 651 4550 Opera
668 4446 810 4550 posthae
837 4450 1091 4525 collocabimus
1108 4501 1118 4527 .
1143 4452 1236 4529 Satis
1255 4452 1383 4535 vixisse
1410 4483 1484 4530 ter·

1360 4578 1436 4634 tum
