3709 5434
486 191 587 342 638
873 177 1256 288 nicer

235 428 399 497 nrtssrud.
414 410 700 514 experimentum
715 398 846 504 ,quod
863 425 935 474 non
954 397 1141 472 immerito
1169 393 1255 509 satis'
1278 397 1472 478 deeisrcum
1492 429 1610 483 vocat
1631 410 1768 494 Fonte:

229 520 290 575 An·
309 530 394 587 ¹7¹9·
414 515 554 592 nelliur.
580 509 726 585 Scilicet
752 521 831 576 cum
850 499 943 573 foetu
971 497 1008 570 in
1027 496 1274 586 lucemedtto,
1303 497 1359 570 secl
1382 504 1550 596 placenta
1575 534 1666 587 cum
1682 547 1762 595 ure

231 592 277 653 M·
295 597 374 676 ⁸⁰3·
415 643 457 694 ro
484 611 599 690 adbuc
624 604 844 690 cohaerente,
869 597 1003 671 chorda
1032 593 1245 668 umbilicalis
1270 595 1418 673 differta
1445 599 1522 677 non
1544 606 1758 714 ligaretur,

407 743 450 791 ea
476 707 664 813 sanguinis'
680 696 863 803 quantitas
900 720 962 795 pet
991 717 1123 769 uenam
1153 694 1399 772 umbilicnlem
1438 710 1753 811 propullulavit,

407 837 486 917 qun
513 812 571 885 sex
596 806 767 878 libratum
797 795 934 893 pondus
960 794 1143 909 aequabat,
1170 819 1243 869 non
1263 793 1334 870 sne
1363 802 1637 898 praesentissimo
1652 817 1750 895 niroe

409 911 533 989 matris
560 900 739 1006 periculo.
770 922 789 970 2
813 893 1031 970 Obseruauit
1060 917 1225 994 praeterea
1243 898 1428 992 Ruebant,
1455 903 1635 986 chordam
1661 939 1740 991 um.

411 1008 583 1086 bilicalem
616 1020 742 1113 prater
770 1019 898 1070 venam
927 996 963 1068 dt
982 993 1067 1069 duas
1085 995 1254 1087 arterias,
1282 1021 1435 1098 quarum
1452 1000 1518 1078 ista
1537 1005 1649 1085 babet
1668 1014 1740 1090 dia·

409 1128 564 1184 metrum
594 1093 767 1173 diametri·
790 1095 928 1171 atterite
955 1093 1122 1195 duplam,
1148 1092 1299 1169 formari
1328 1125 1371 1172 ex
1390 1125 1547 1200 corpore
1565 1106 1656 1208 spon
1688 1116 1739 1188 io.

406 1206 446 1281 so
493 1201 591 1301 cujus
618 1193 752 1271 cellule
783 1195 847 1269 srnt
875 1196 1014 1297 liquore
1042 1192 1215 1293 limpido,
1242 1194 1299 1268 sed
1319 1200 1538 1296 glutinolo,
1563 1211 1739 1319 gelatrne

406 1259 539 1390 inslar,
566 1296 697 1396 plenae,
722 1317 760 1370 ut
790 1321 862 1369 non
890 1295 1000 1369 modo
1028 1292 1192 1367 vasorum
1221 1295 1393 1387 mollirier
1413 1299 1629 1381 &flexibus
1648 1336 1739 1387 con·

406 1404 589 1487 servetur,
615 1396 868 1470 verumetiam
896 1421 941 1469 ne
967 1393 1075 1468 foetus
1103 1416 1223 1469 motus
1241 1392 1424 1494 sanguinis
1451 1400 1490 1474 in
1508 1403 1625 1480 iisdem
1648 1435 1736 1485 mo·

408 1521 486 1575 tum
516 1496 705 1596 impediat.
736 1523 754 1590 3
778 1495 1032 1571 Membranam
1061 1493 1325 1569 intercltotion
1344 1495 1731 1602 &amnionmediam‚
1825 1555 1826 1588 t

407 1625 515 1700 quam
545 1594 731 1686 nonnulli,
758 1594 875 1691 judice
891 1593 1052 1685 Nostro,
1078 1619 1260 1694 perperam
1290 1596 1475 1671 erinasiam
1492 1626 1640 1693 rotant,
1664 1606 1727 1706 ip4

407 1702 442 1774 le
461 1728 480 1773 a
500 1700 582 1772 loco
599 1697 738 1768 mediam
768 1695 884 1769 dicere
912 1695 1075 1786 mavult,
1102 1694 1196 1767 hunc
1225 1693 1354 1769 babere
1383 1699 1480 1774 ulum
1508 1704 1727 1796 contendit,
1825 1697 1826 1700 ¹

408 1826 453 1874 tre
472 1799 553 1874 vasa
573 1796 776 1896 capillatia,
803 1796 839 1871 in
859 1822 928 1898 qua
957 1820 1032 1871 tum
1056 1819 1145 1869 vena
1173 1818 1250 1868 tum
1270 1796 1410 1872 attetiae
1424 1800 1562 1875 cbordae
1581 1804 1731 1878 umbili·

408 1900 493 1972 celis
519 1898 799 1999 disperguntur,
826 1898 870 1972 ad
896 1896 1107 1972 evitandum
1135 1893 1173 1967 in
1201 1916 1306 1992 partu
1334 1896 1606 2000 bemorrbagias
1634 1902 1729 2001 peri·

408 1998 480 2074 culi
496 1999 635 2098 plenas,
662 1996 928 2097 disrumpantur
957 1995 1112 2069 motibus
1133 1995 1275 2067 matris.
1303 1997 1666 2075 Tumoresventosoe
1685 2003 1731 2076 ab

409 2124 489 2174 aere
517 2095 579 2172 sub
607 2098 813 2171 membrana
841 2093 978 2169 incluso
1005 2094 1180 2168 formatos
1205 2092 1369 2168 describit
1386 2098 1519 2188 litere,
1547 2099 1584 2170 ἃ
1612 2100 1652 2174 in
1672 2125 1730 2174 eo·

408 2223 489 2273 rum
517 2195 655 2272 causent
683 2196 854 2295 inquirit.
881 2193 1011 2272 Credit
1039 2217 1157 2267 aerem
1184 2192 1332 2295 separari
1354 2221 1375 2266 a
1399 2196 1547 2290 liquore
1572 2223 1734 2297 propter
1825 2257 1826 2272 ,

408 2296 688 2371 obstruslionem
724 2298 762 2369 in
792 2319 891 2394 perte
919 2294 1039 2368 vicina
1067 2291 1263 2393 congello.
1300 2290 1514 2363 observavit
1546 2294 1657 2368 idem
1684 2299 1732 2371 in

409 2395 639 2470 cadaveribus
674 2395 720 2469 ob
747 2393 928 2494 sanguinis
960 2391 1135 2491 jacintum
1163 2411 1403 2478 mortuorum,
1428 2411 1449 2460 ι
1479 2414 1544 2502 pet
1574 2394 1727 2468 tunicae
1825 2417 1826 2436 ³

407 2493 631 2592 quarundam
660 2515 835 2567 venatum
863 2494 1010 2593 exiguae
1035 2492 1128 2567 aeris
1151 2490 1296 2568 bullulas
1311 2485 1474 2585 sanguini
1492 2511 1733 2585 innatantes,
1766 2569 1771 2578 ,

410 2591 598 2691 zexiguos
622 2615 795 2666 venerum
826 2598 982 2668 ramulos
1009 2620 1028 2667 a
1051 2593 1160 2667 eorde
1187 2611 1343 2665 remotos
1368 2611 1448 2660 aete
1475 2586 1561 2663 loco
1589 2588 1733 2692 sangui-
1825 2639 1826 2648 κ

406 2691 463 2766 nis
490 2683 639 2789 plenos]
657 2689 876 2792 Estpiscium
897 2692 1119 2767 marinorum
1130 2715 1262 2792 genus,
1286 2686 1342 2763 cui
1359 2686 1545 2783 torpedinis
1572 2688 1744 2766 inditum
1825 2711 1826 2738 ³

406 2815 563 2884 nomen,
591 2812 780 2890 propterea
807 2791 903 2892 quod
923 2793 1046 2886 manui
1073 2814 1179 2892 atque
1198 2787 1346 2864 brachio
1372 2813 1392 2860 a
1414 2787 1590 2863 contusio
1610 2813 1730 2891 torpe·
1825 2837 1826 2842 ,

407 2888 529 2964 dinem
556 2891 715 2963 inducit.
743 2890 924 2964 Effebltrm
953 2918 1025 2964 non
1054 2891 1120 2966 else
1142 2886 1364 2978 fabulosum,
1389 2885 1646 2964 observatione
1665 2894 1723 2962 Re·
1825 2903 1826 2914 ²

407 2990 448 3061 di
474 3011 510 3063 ct
539 3015 580 3064 ue
597 2987 724 3062 Borelli
749 2989 903 3064 constat.
929 2992 986 3064 De
1001 2993 1174 3062 Reatinum
1199 2988 1282 3064 dete
1311 2984 1493 3061 occafione
1521 2989 1560 3063 in
1578 2991 1727 3065 eundem

407 3014 593 3178 inquiivit
621 3091 655 3155 δι
685 3087 967 3160 circumstantias
1003 3112 1133 3160 notatu
1160 3086 1285 3185 dignas
1313 3084 1515 3175 recensuit,
1549 3115 1637 3186 quas
1658 3089 1717 3158 da-

224 3177 302 3263 ἣε»
318 3193 387 3259 343·
408 3177 533 3253 uenus
559 3201 633 3250 non
661 3179 743 3251 setis
770 3181 1001 3254 attenderunt
1028 3180 1181 3262 historie
1209 3185 1386 3258 naturalis
1411 3184 1614 3283 scriptores.
1639 3187 1720 3258 To·

407 3299 486 3354 tum
515 3274 722 3373 mysterium
750 3275 787 3350 in
815 3303 860 3351 eo
885 3276 1184 3381 consistit,qund
1238 3281 1315 3358 iscis
1341 3286 1389 3359 ad
1416 3284 1621 3359 concellum
1648 3309 1726 3359 mu·
1825 3289 1826 3338 l

406 3377 522 3455 scnlot
549 3373 643 3452 dots}
669 3397 797 3478 magni
823 3377 861 3450 vi
887 3376 1128 3482 constringat,
1155 3310 1319 3481 utbgura
1346 3401 1514 3458 contexa
1537 3386 1726 3487 degeneret
1825 3395 1826 3398 ’

405 3482 446 3555 in
467 3478 607 3578 planam
634 3477 695 3549 vel
712 3475 853 3577 prorsus
879 3503 1097 3573 concavam,
1123 3483 1186 3583 qui
1207 3482 1566 3558 maximteeletitate
1581 3485 1727 3559 resilien-
1825 3505 1826 3530 ¹

405 3605 460 3658 tes
494 3574 532 3650 in
559 3599 705 3650 manum
732 3578 979 3677 contingentis
1012 3604 1115 3656 motu
1141 3581 1305 3657 violento
1333 3583 1581 3684 impingunt.
1624 3583 1724 3659 Unde
1825 3593 1826 3682 ᾗ

403 3705 480 3758 non
508 3674 663 3767 mirum,
689 3678 785 3778 quod
812 3701 962 3754 enecato
989 3679 1131 3758 innoxii
1157 3681 1364 3759 vescantur.
1390 3684 1722 3758 PaulusBetrerdus
1825 3703 1826 3768 f

403 3781 538 3866 Caluo,
566 3774 689 3848 chitut
715 3801 752 3848 us
770 3779 1024 3873 Tautinensis,
1050 3808 1131 3857 cum
1144 3782 1339 3859 Academia
1356 3783 1603 3861 Scientiarum
1630 3806 1722 3858 cont·
1825 3833 1826 3868 ;

400 3874 607 3957 manicavit
697 3877 924 3953 eructionem
954 3907 1070 3957 rarum
1098 3880 1205 3958 sortus
1239 3885 1278 3959 iu
1306 3883 1411 3960 sacco
1442 3910 1492 3960 ex
1521 3885 1720 3959 membrana
1825 3889 1826 3892 ’

402 3979 497 4059 tubae
522 3975 655 4051 'dextro
681 3975 863 4051 exteriore
884 3978 1046 4057 formato
1071 3981 1252 4059 conclusi.
1289 3984 1369 4058 Poll
1397 4011 1538 4060 nonum
1566 3982 1717 4059 mensem
1825 3983 1826 4070 j

402 4106 486 4156 eum
514 4099 632 4155 mater
659 4094 839 4149 tumorem
869 4106 981 4180 prope
1007 4082 1217 4158 umbilicum
1234 4084 1489 4177 contraxisset,
1520 4085 1667 4159 eundem
1686 4103 1721 4151 a·

401 4180 545 4279 peruit,
574 4183 609 4254 dt
629 4171 757 4250 soetum
782 4171 855 4273 jum
884 4182 1071 4276 putredine
1098 4205 1307 4284 correptum
1321 4185 1503 4277 extraxit,
1532 4201 1719 4264 matteum
1825 4225 1826 4246 κ

401 4277 520 4354 decim
547 4279 591 4355 ab
608 4272 821 4380 operatione
848 4275 972 4356 diebus
987 4281 1109 4384 elapfis
1129 4308 1294 4362 mortua.
1322 4290 1471 4366 Notatu·
1491 4286 1646 4387 dignum
1659 4279 1721 4372 cll,¹
1825 4305 1826 4332 ⁴

401 4381 499 4484 quod
518 4402 634 4455 mater
662 4404 743 4455 toto
769 4374 980 4482 gestationis
994 4404 1155 4483 tempore
1183 4386 1285 4463 omni
1296 4385 1438 4489 prorsus
1457 4386 1549 4462 labie
1566 4386 1606 4461 in
1623 4404 1727 4458 mam·

402 4477 471 4550 mis
498 4479 664 4570 destituta
681 4479 816 4558 fuerit.
844 4481 998 4553 Arellius
1013 4482 1130 4559 casum
1150 4488 1420 4563 memorabilem
1450 4487 1645 4576 recenset,
1671 4477 1725 4554 ubi
1825 4477 1826 4536 l

401 4573 553 4702 femine
578 4577 679 4658 sexto
705 4577 937 4691 eraricum
963 4585 1083 4692 retest
1107 4587 1213 4697 ‚tuiti
1240 4587 1287 4692 est
1315 4589 1483 4697 nauem,
1511 4613 1591 4694 «ιι-’τ
1604 4587 1649 4658 ³⁶
1660 4601 1734 4694 1²¹³:

497 4737 503 4747 .
617 4735 620 4741 .
1612 4702 1678 4790 gut
