3709 5434
513 258 604 369 350
894 222 1286 327 ACTA

250 459 418 525 AmErua
434 463 508 517 tent
528 464 705 540 occupare
723 437 852 539 coepit.
880 435 1005 514 Paucis
1021 457 1105 511 ante
1123 430 1347 508 undecimam
1363 427 1765 515 minutisarcusomnee

253 542 414 623 ll¹¹·1716·
433 544 679 633 evanuerant,
703 538 741 613 dt
769 539 806 614 in
834 538 1000 614 claritate
1027 535 1109 612 coeli
1138 529 1289 610 borealis
1309 557 1418 632 prope
1435 531 1666 608 horizontem
1685 536 1764 634 spu·

250 620 298 682 M·
320 628 402 703 ¹³⁰ss'
431 640 476 717 rii
496 642 641 742 quidam
661 636 774 714 'veluti
788 639 912 741 parelii
932 638 1164 729 oriebantur,
1188 660 1236 709 ex
1254 632 1764 748 quibns'radiiascendebanc,

430 767 518 817 mox
545 768 625 821 cum
655 740 736 841 ipsrs
761 742 895 816 iterum
921 740 1140 841 disparentes
1165 738 1200 810 a
1228 736 1347 810 locum
1374 735 1454 811 alus
1480 732 1686 809 successuris
1708 733 1763 810 sa·

430 841 592 927 cientes.
622 840 900 919 Menriebantur
926 839 1109 940 lapillime
1136 836 1264 914 fatiem
1282 834 1376 909 Solis
1403 860 1446 909 ex
1469 832 1622 908 nubibus
1646 850 1761 910 emera

429 942 521 1017 suri.
550 944 643 1017 Hor'.
658 967 694 1018 ιι
716 941 802 1019 min.
819 962 858 1033 ¹5
891 965 1007 1016 novus
1034 940 1256 1015 formabatur
1274 961 1375 1011 arcus
1391 936 1512 1011 tersus
1536 936 1679 1036 plagam
1706 936 1759 1051 in:

432 1066 489 1116 ter
507 1042 668 1117 occasum
688 1043 723 1115 a<
742 1041 888 1116 boream
909 1041 1160 1116 intermediam
1180 1094 1192 1131 ,
1217 1034 1315 1137 cujus
1343 1061 1423 1111 crus
1440 1058 1550 1111 unum
1572 1035 1758 1112 horizonta

430 1138 470 1215 in
489 1141 565 1242 ipso
592 1141 834 1241 septentrione
863 1141 1057 1217 insistebat.
1086 1145 1143 1216 Ex
1157 1164 1201 1215 eo
1219 1138 1332 1228 radii,
1358 1160 1397 1229 ut
1416 1160 1520 1229 ante,
1537 1136 1756 1234 ejaculaban·

432 1264 515 1315 cur.
545 1245 641 1317 Mox
669 1240 788 1317 versus
813 1242 1045 1329 horizontem
1069 1240 1244 1342 depressus
1270 1235 1409 1313 nonnisr
1436 1239 1551 1311 lucem
1580 1241 1753 1338 quandam

437 1341 551 1416 veluti
580 1341 858 1443 crepuscularern
885 1343 922 1417 in
951 1345 1075 1419 eodem
1105 1339 1278 1444 reliquit,
1303 1338 1341 1415 in
1367 1362 1437 1439 qua
1464 1338 1647 1449 nubecula
1673 1366 1754 1442 que·

433 1441 517 1515 dam
545 1440 700 1519 obscurae
730 1442 976 1543 persistebant,
1004 1440 1190 1520 manifesto
1216 1438 1353 1515 indicio
1379 1490 1391 1528 ‚
1417 1437 1683 1536 phaenomenon
1709 1443 1754 1516 lu·

253 1547 407 1628 Tabll.
434 1541 612 1619 minoium
642 1542 743 1616 fuisse
768 1542 806 1617 in
834 1544 917 1618 loco
945 1544 1095 1618 nubibus
1123 1541 1196 1616 illis
1222 1538 1352 1639 altiore
1379 1592 1389 1613 .
1417 1541 1510 1613 Hor.
1531 1565 1572 1612 ιι
1605 1541 1694 1616 min
1716 1566 1752 1635 5⁰

280 1650 361 1750 Fig.
376 1656 407 1724 8.
436 1668 476 1716 ea
503 1643 586 1716 coeli
613 1640 719 1716 saties
736 1666 967 1745 erat,‘quam
996 1645 1078 1745 Fig.
1107 1649 1127 1715 8
1157 1641 1345 1719 adumbrat
1372 1640 1585 1753 ..Altitudo
1613 1648 1753 1717 'arcusa

434 1767 511 1817 erat
544 1767 560 1836 5
590 1741 664 1817 fere
691 1745 887 1844 graduum,
913 1743 1070 1819 latitudo
1097 1743 1243 1819 circiter
1269 1738 1749 1837 dimidir.·Splendornnxi·

433 1866 605 1918 muserat
632 1842 669 1917 in
696 1869 714 1913 e
741 1843 861 1917 uersus
889 1845 1049 1947 plagam,
1075 1866 1180 1946 quam
1193 1840 1319 1918 Nostri
1330 1842 1621 1930 NordNordoll
1647 1843 1750 1944 appel

433 1943 528 2016 lant.
559 1946 677 2018 Arcus
703 1942 864 2045 superior
891 1970 928 2036 t,
956 1945 1055 2044 cujus
1082 1945 1199 2020 multo
1227 1941 1353 2016 minor
1365 1964 1442 2015 erac
1469 1940 1638 2039 splendor
1654 1968 1750 2046 quarn

434 2041 637 2137 inferioris,
664 2071 683 2118 a
703 2043 810 2120 radiis
828 2071 873 2118 ex
892 2044 1056 2120 inferiori
1074 2042 1331 2145 assurgentibus
1357 2040 1442 2117 hinc
1469 2040 1554 2117 inde
1568 2042 1751 2119 interrum-

436 2144 608 2245 pebatur3
636 2140 721 2221 mox
739 2168 860 2221 tamen
889 2146 1022 2222 iterum
1051 2144 1392 2247 redintegrabatut.
1420 2142 1531 2219 Radii
1552 2144 1582 2235 f
1601 2169 1750 2246 exparte

435 2244 534 2317 ortui
553 2243 672 2321 vicina
690 2246 948 2347 procedebant,
978 2249 1149 2322 Flammae
1177 2268 1297 2320 autem
1316 2240 1529 2318 slusiuantes
1556 2273 1577 2317 a
1604 2270 1647 2320 ex
1674 2247 1751 2320 alte·

438 2367 499 2435 ra,
525 2368 601 2445 quae
618 2344 781 2421 occasum
804 2345 1031 2447 respiciebat.
1060 2346 1254 2421 Nubeculae
1280 2347 1302 2417 h
1329 2340 1443 2418 adhuc
1470 2343 1625 2421 obscure
1641 2346 1751 2421 versus

276 2420 359 2525 fig·
377 2452 410 2520 9·
434 2444 577 2544 plagam
597 2444 692 2522 inter
708 2447 874 2539 boream,
901 2449 937 2522 δι
964 2446 1126 2522 occasum
1156 2444 1309 2519 mediam
1338 2441 1578 2544 persistebant.
1606 2451 1746 2520 Horra
1825 2470 1826 2509 1

434 2543 509 2620 duo
527 2547 646 2621 denuo
670 2545 982 2648 conspiciebantur
1009 2573 1112 2624 arcus
1135 2548 1156 2620 b
1183 2546 1219 2619 δι
1245 2548 1301 2638 d,
1326 2569 1482 2645 quorum
1500 2545 1646 2620 latitudo
1662 2546 1744 2619 duo·

430 2670 515 2721 rum
543 2643 617 2721 sere
645 2650 842 2750 graduum,
867 2648 1024 2725 altitudo
1051 2646 1202 2725 minoris
1235 2672 1276 2719 to
1303 2644 1452 2751 circiter
1475 2670 1577 2722 erat.
1602 2644 1748 2760 luserius

430 2743 472 2819 in
490 2774 508 2818 e
525 2746 644 2822 versus
673 2750 911 2825 meridianum
931 2746 1181 2841 recurrebant,
1208 2749 1429 2850 segmentum
1457 2747 1619 2849 ellipleos
1646 2748 1746 2823 velun

430 2849 675 2922 mencientes.
706 2854 843 2949 Margo
868 2846 1021 2923 inferior
1050 2851 1208 2950 partibus
1234 2848 1445 2949 quibusdam
1472 2848 1745 2949 prominemibur

431 2946 524 3019 cons
545 2947 624 3019 icua
642 2969 741 3036 erat,
767 2947 804 3019 in
861 2972 920 3019 uas
946 2945 1111 3047 splendor
1130 2947 1306 3023 maximus
1335 2974 1591 3025 concontratus
1620 2950 1745 3024 videba-

431 2972 545 3117 turd
567 3043 659 3118 uude
679 3044 769 3119 radii
788 2972 1063 3122 evibrabantur.
1092 3044 1354 3148 Pseudopatelii
1381 3049 1513 3149 copiosi
1541 3052 1744 3152 apparebant

428 3137 695 3223 intrauerat
715 3169 836 3233 arcus,
865 3145 1042 3247 radiisque
1060 3148 1249 3223 materiam
1268 3147 1555 3250 suppeditabant.
1584 3151 1748 3252 Inprimis

429 3264 550 3316 autern
568 3240 720 3318 flamme
736 3240 909 3320 fluuium
927 3246 1023 3348 quali
1041 3272 1144 3322 motu
1162 3248 1303 3349 agitata
1321 3276 1612 3353 magnonnmero
1621 3254 1661 3326 in
1674 3280 1748 3328 con·

426 3338 589 3440 speslurn
610 3345 905 3446 prodibantllrin
925 3370 1026 3447 parte
1045 3349 1128 3423 coeli
1156 3349 1372 3426 occidentali
1395 3377 1455 3449 per
1473 3375 1595 3427 totum
1623 3350 1746 3429 alleris-

248 3434 322 3534 Pagi
342 3449 411 3533 364.
431 3464 530 3518 rnum
542 3445 673 3519 Leonis
691 3445 796 3548 usque
815 3446 1064 3527 eduururnun
1081 3448 1394 3544 diffundebantur,
1412 3454 1555 3527 tandem
1573 3481 1663 3533 voro
1679 3457 1747 3529 lon·

421 3568 471 3644 ge
490 3543 586 3618 ultra
604 3568 687 3621 eum
707 3544 827 3622 versus
851 3546 1005 3625 austrum
1037 3549 1369 3650 protendebantur,
1395 3552 1448 3627 ita
1465 3577 1506 3627 ut
1533 3555 1665 3629 coelum
1681 3555 1746 3628 sete
1818 3594 1819 3625 1

425 3640 610 3718 rotum'ils
637 3647 857 3762 repleretur,
884 3651 1024 3725 nonnisi
1055 3679 1100 3748 30
1127 3651 1293 3752 gradibus
1320 3653 1523 3729 altitudinis
1551 3655 1666 3731 versio
1686 3682 1742 3729 au·

421 3739 534 3839 llrum
563 3769 704 3823 vacets.
733 3752 881 3823 Henna
912 3749 1057 3825 minan
1085 3751 1236 3829 flamma
1257 3748 1501 3853 disparebant,
1529 3783 1613 3832 arcu
1630 3780 1744 3831 tamen

356 3844 362 3859 ‘
422 3843 727 3943 exiguorestante
756 3850 870 3925 adlruc
895 3848 972 3924 hor.
1006 3878 1046 3925 ιι
1076 3854 1164 3927 min.
1194 3863 1261 3947 36,
1290 3852 1390 3953 cujtts
1417 3855 1744 3943 connumeratio

422 3940 870 4117 plaegaNord-Nurdost&
888 3951 1040 4026 alterum
1061 3977 1259 4028 extremum
1281 3954 1515 4032 horizontem
1531 3958 1742 4061 attingebat.
1772 3960 1774 3963 ’
1813 3970 1816 4079 f

505 4070 554 4121 rm
575 4071 652 4123 turn
672 4046 788 4124 rursus
806 4044 1067 4151 pseudoparelii
1085 4080 1167 4130 cunt
1196 4055 1303 4130 radiis
1349 4059 1584 4135 redeuntibus
1609 4084 1744 4160 appare·

420 4142 534 4256 banca
564 4174 664 4265 arcus
682 4172 801 4225 tamen
823 4149 990 4268 utrinque
1009 4152 1197 4230 successive
1212 4083 1458 4272 (sectricem,
1481 4157 1744 4237 dooecnmifi

412 4247 1199 4451 ulsllrslllslldsuilliustn‘:
1217 4261 1743 4458 nardulus-2533&

418 4466 518 4521 ream
539 4447 693 4539 tridua,
722 4452 814 4526 unde
834 4453 925 4527 radii
942 4457 1074 4532 debiles
1090 4457 1312 4562 flammaeque
1328 4460 1475 4538 subinde
1485 4463 1741 4546 ascendebant.

410 4544 551 4625 ·I·lor.-1
583 4547 712 4627 nint
741 4551 805 4626 lux
831 4552 892 4629 illa
920 4558 1175 4659 crepuscularis
1201 4617 1213 4652 ,
1240 4562 1408 4664 inprimis
1434 4565 1473 4639 in
1498 4567 1606 4668 plaga
1632 4569 1743 4648 Nord-

408 4644 622 4742 natumst
645 4651 822 4732 notabilia
848 4655 1073 4738 incrementa
1099 4662 1263 4766 capiebat
1289 4716 1302 4758 ‚
1327 4664 1449 4742 radius
1474 4665 1617 4744 densior
1640 4664 1742 4764 juxte

463 4790 470 4801 ·
519 4796 524 4803 ·
1592 4793 1701 4870 caput

1044 5090 1054 5137 l
