3709 5434
415 209 1176 318 Eauurroaum
1337 254 1467 353 ψ,

153 420 282 503 itinere
312 422 502 519 jubebatur
529 424 573 498 ab
583 424 750 499 Eleslore
769 450 811 497 eo
829 419 993 517 conniti,
1020 450 1059 500 ut
1075 432 1264 527 antiquum
1282 455 1360 503 cum
1374 429 1474 506 Prin·
1495 466 1657 533 ΗΜ

152 525 289 624 cipibus
337 524 451 597 ltalia
493 525 750 598 commercium
790 527 930 597 Domus
968 527 1134 603 Palatinae
1176 530 1430 603 instauraretur
1457 584 1469 622 ,
1494 551 1654 622 nummu

150 623 393 721 omniumque
420 620 622 723 Principum
651 624 818 710 illorum,
846 647 884 695 ac
913 624 1092 721 precipue
1108 626 1227 700 Curia
1238 624 1533 705 nominans-M·
1555 625 1638 687 Nou.

153 751 228 815 tus,
257 721 357 795 tatio
383 723 624 823 gubernandi,
650 722 829 822 studiaque
856 722 920 820 ipsa
947 724 1085 822 penitus
1112 724 1240 798 fierent
1269 728 1351 825 pars
1372 729 1478 820 ebla,

151 849 259 925 atque
292 824 360 895 hoc
390 848 494 895 omne
522 821 636 894 nollet
662 821 798 896 summa
826 844 907 895 cum
935 847 1018 896 cura
1037 823 1310 924 exsequebatur,
1338 755 1406 898 sirit
1426 854 1478 902 ta·

150 950 235 998 men
264 948 306 996 ea
336 919 419 992 Viri
447 921 574 993 summi
602 922 795 994 dexteritas
821 920 983 1019 semper,
1008 947 1045 994 ut
1074 950 1186 1023 neque
1213 925 1249 996 in
1278 925 1344 999 isto
1371 925 1478 1000 itine-

150 1050 214 1111 re,
243 1048 308 1095 nec
338 1020 501 1118 deinceps
527 1021 693 1119 grauiora
709 1019 929 1120 publicaque
958 1022 1101 1121 negotia
1127 1023 1317 1123 quicquam
1346 1048 1476 1098 nocue·

154 1125 232 1196 rint
258 1121 386 1193 divino
416 1118 467 1190 illi
494 1117 628 1208 sludio,
655 1142 727 1218 quo
757 1144 829 1190 tem
858 1145 1001 1192 omnem
1032 1122 1225 1194 literarium
1247 1122 1476 1220 prosequeba-

155 1246 231 1296 tur.
256 1224 351 1293 Sane
377 1238 456 1290 eum
485 1218 662 1292 &Rornae
691 1241 856 1317 perpetua
882 1216 956 1290 fere
983 1217 1171 1294 Cbrillinae
1197 1222 1372 1319 Reginae,
1398 1248 1475 1321 qun

156 1320 275 1420 &ipsa
293 1321 415 1393 literas
434 1314 513 1391 istas
530 1318 733 1416 deperibat,
761 1315 1034 1405 consuetudine,
1062 1345 1100 1391 ac
1121 1319 1360 1419 reliquorum,
1385 1344 1475 1422 quos

149 1424 274 1496 Roma
302 1444 377 1495 turn
408 1416 576 1507 habebat,
603 1417 840 1491 Eruditorum
869 1416 1113 1492 familiaritate
1142 1419 1239 1491 usum
1265 1419 1365 1491 suillo
1390 1444 1474 1493 con-

151 1518 249 1611 slat,
278 1545 350 1607 ac,
376 1515 556 1616 postquam
586 1516 661 1589 illic
687 1515 808 1589 omnin
836 1516 1061 1617 antiquitatis
1089 1518 1310 1591 monimenta
1339 1518 1473 1592 curiose

159 1619 352 1706 lustrasset,
378 1612 525 1688 ulterius
553 1616 768 1715 progressum
787 1613 945 1689 Siciliam
974 1641 1115 1715 quoque
1134 1618 1168 1688 δι
1189 1618 1343 1689 Maltam
1372 1618 1473 1691 adiis»

165 1717 223 1804 se,
247 1718 353 1806 nihil,
378 1714 511 1813 quoda
531 1712 727 1789 venerabili
754 1712 969 1813 antiquitate
997 1716 1034 1788 in
1063 1717 1136 1788 oris
1162 1715 1233 1786 istis
1259 1739 1335 1786 erat
1355 1714 1473 1815 super·

169 1814 259 1905 lies,
281 1812 595 1914 impervestigatum
624 1813 903 1911 relinquentem.
931 1812 1054 1908 Cujus·
1074 1815 1122 1886 rei
1151 1814 1393 1886 testimonium
1414 1815 1473 1889 ba-

166 1915 291 1989 bemus
313 1912 613 2013 locupletislimum
635 1918 735 2012 Opus
752 1912 794 1986 de
815 1911 1015 1985 Praestantia
1042 1915 1083 1984 81v
1106 1911 1164 1986 usu
1182 1912 1471 2005 Numismatum,

156 2037 240 2085 tunt
266 2015 416 2113 primum
445 2016 570 2087 Romae
600 2018 646 2090 A.
669 2019 769 2100 1664.
797 2010 1011 2109 Impersesle
1037 2010 1211 2111 quidem,
1238 2011 1260 2084 sr
1288 2011 1321 2085 se
1349 2036 1471 2085 uentes

152 2111 345 2185 Editiones
372 2110 460 2185 velis
485 2111 664 2211 spestare,
690 2135 726 2185 at
754 2137 798 2181 eo
816 2134 935 2185 tamen
955 2114 1053 2183 cultu
1072 2111 1143 2184 luci
1163 2111 1307 2208 publicae
1323 2038 1472 2202 datum,

151 2210 215 2382 qui
243 2213 299 2285 vel
328 2235 406 2284 tum
433 2210 652 2285 summorum
679 2211 715 2285 in
745 2208 809 2281 isto
826 2208 941 2284 studio
960 2211 1134 2283 Virorum
1154 2209 1380 2307 ampliliimas
1399 2212 1471 2284 lau·

175 2334 211 2381 es
239 2334 463 2385 mereretur.
500 2314 626 2386 Redux
653 2336 741 2383 vero
767 2334 809 2380 ex
836 2308 942 2383 Italia
970 2309 1243 2408 Heidelbergam
1274 2309 1389 2381 mense
1418 2318 1466 2383 A·
1489 2315 1562 2401 Pag.
1580 2334 1651 2401 525·

145 2409 234 2505 peili
264 2417 312 2486 A.
337 2407 605 2502 1665.sas1us,
639 2409 775 2510 (quod
803 2407 871 2481 iter
906 2407 1100 2507 susceperat
1136 2434 1217 2482 cunt
1245 2407 1467 2485 Serenilllma

146 2507 271 2583 Vidua
298 2508 480 2583 Eleblrice
498 2507 740 2584 Brunsuiccnfi
768 2505 879 2582 adhuc
905 2506 1085 2607 superstite
1110 2507 1262 2606 Sophia,
1288 2508 1372 2607 quae‘
1390 2532 1467 2583 tum

18 2614 19 2633 .
153 2609 304 2704 quidem
333 2609 502 2702 Princeps
528 2607 805 2705 osnabrugensis
831 2630 926 2695 erat,
952 2617 967 2692 )
994 2605 1109 2679 statim
1138 2609 1180 2679 ab
1208 2607 1375 2680 Elesiore
1405 2611 1468 2682 Pa-

150 2705 277 2774 latino
305 2705 453 2798 publicis
481 2704 634 2795 negotiis
660 2703 822 2772 curandis
849 2703 1110 2787 adhibebatur,
1138 2703 1255 2771 missus
1282 2704 1394 2775 abeo
1420 2712 1465 2781 A.

156 2807 269 2889 1665.
298 2798 340 2870 ad
369 2795 610 2893 Locharingia·
636 2800 800 2885 Ducem,
828 2795 1052 2893 assequenti
1078 2796 1122 2869 ad
1150 2799 1351 2871 Eleslorem
1381 2805 1466 2876 Mo·

140 2897 369 2996 guatinum,
396 2919 468 2990 quo
494 2894 626 2983 etiam,
654 2918 733 2966 cum
754 2893 913 2965 adfuisset
933 2892 1183 2968 collationibus
1203 2890 1473 2995 Oppenbemii,

148 2995 263 3094 Spita
285 2996 320 3065 ἃ
349 2986 579 3066 Heilbrontsae
607 2994 648 3065 de
677 2994 778 3065 rebus
806 2991 1023 3065 Palatinatus
1051 2993 1205 3084 habitis,
1241 2997 1277 3068 in
1307 2997 1465 3076 Galliam
1596 3066 1599 3073 .

151 3094 265 3169 adhuc
294 3088 522 3166 mittebatur.
548 3091 749 3189 Statimque
765 3091 938 3166 Bradanae
953 3090 1197 3167 Pacificationi
1226 3099 1271 3166 A.
1295 3098 1396 3185 1667.
1416 3099 1465 3172 as

154 3192 265 3267 sistere
293 3189 429 3288 jussus,
456 3216 540 3263 mox
567 3191 698 3263 iterum
729 3197 774 3264 A.
800 3196 901 3263 1668.
931 3192 966 3262 in
996 3193 1153 3266 Galliam
1183 3193 1464 3287 revertebatur,

157 3316 309 3365 numero
332 3288 598 3387 Deputatorum
626 3290 782 3388 Collegii
810 3289 1023 3363 Elesloralis
1050 3294 1083 3362 δι
1112 3292 1330 3391 reliquorum
1351 3296 1466 3391 lmpe·

157 3388 204 3463 rii
226 3387 428 3484 Principum
458 3390 501 3462 ad
530 3390 664 3487 Regem
695 3388 820 3463 Gallia
848 3387 1069 3500 adscriptus.
1099 3395 1132 3462 A
1162 3414 1312 3488 quorum
1343 3414 1464 3463 mune·

155 3513 234 3563 rum
259 3486 544 3588 graviliimorum
574 3486 867 3585 occupationibus
894 3487 1149 3560 decisasveluti
1179 3486 1374 3583 parsiffime
1402 3487 1463 3562 bo·

155 3614 213 3662 ras
236 3614 277 3660 co
306 3610 425 3661 tamen
452 3583 571 3660 frusto
596 3587 773 3660 abundare
802 3583 895 3657 uidit
921 3585 1079 3658 eruditus
1107 3587 1238 3680 Orbis,
1268 3610 1305 3658 ut
1335 3588 1463 3685 produ·

149 3688 269 3762 aretint
298 3689 365 3760 illae
395 3684 745 3776 A.1671.Lutetiae
774 3682 988 3784 publicatam
1017 3684 1162 3758 alteram
1184 3684 1391 3760 Editiouem
1411 3690 1463 3763 iu·

146 3787 252 3888 signis
279 3788 321 3859 de
352 3782 550 3860 Praestantia
578 3786 612 3857 δι
640 3783 714 3858 Usu
732 3780 1001 3856 Numismatum
1015 3783 1166 3880 Operis,
1192 3787 1327 3874 multo,
1354 3812 1461 3886 quant

147 3888 287 3987 prima,
313 3885 556 3974 ornatiorem,
583 3883 779 3956 austiorcm
809 3879 1145 3982 perfeslioremque.
1174 3884 1245 3958 Cui
1265 3882 1378 3957 altero
1398 3885 1462 3958 sla·

144 3986 212 4062 tim
241 4010 340 4059 anno
365 3983 521 4058 successu
549 3983 590 4056 de
619 3983 1052 4075 NummoSmyrnaeorum
1079 3981 1268 4080 inscripto:
1298 3983 1463 4065 turpabat

146 4086 306 4169 upara'ras
328 4083 398 4157 seu*
413 4084 455 4156 de
481 4080 587 4156 Vesta
613 4081 648 4150 δι
676 4080 887 4174 Prytanibus
914 4084 1124 4156 Graecorum
1153 4081 1352 4176 Diatriba‚
1385 4093 1461 4182 quac

145 4190 281 4265 selestis
309 4183 454 4283 Seguini
482 4181 768 4256 Numismatibus
804 4179 940 4278 adjesla
967 4204 1044 4253 tum
1074 4179 1238 4278 prodiit,
1264 4181 1346 4255 inde
1375 4208 1461 4257 veto

144 4288 363 4364 luculentior
379 4284 425 4355 'dt
451 4281 659 4379 copiosior,
695 4280 884 4378 multisque
911 4277 1063 4353 aliorum
1092 4304 1282 4352 numorum
1309 4281 1462 4377 explica·

147 4389 308 4464 tionibus
335 4380 530 4470 illustrior,
555 4383 680 4453 Tomo
706 4381 751 4452 V.
780 4377 954 4454 Thesauri
983 4376 1254 4477 Antiquitatum
1281 4381 1462 4454 Romana·

142 4514 226 4571 tum
257 4480 442 4564 Gratiani
468 4480 680 4571 inserenda,
715 4478 758 4567 ab
784 4477 861 4579 ipso
889 4484 1030 4557 Autore
1063 4476 1131 4551 fuit
1159 4475 1463 4657 commuuiqppa.

1396 4603 1416 4651 c
