3709 5434
1225 189 1235 213 1

341 170 1103 328 Erunt‘ronuat.
1253 264 1354 373 349

41 482 49 525 2
114 458 190 516 nant
209 428 321 507 hond
349 430 435 507 min.
460 455 503 509 ao
533 430 688 525 rediret,
714 455 830 509 totam
850 437 931 510 coeli
950 436 1079 514 faciem
1100 467 1173 517 non
1192 442 1261 519 fine
1279 446 1429 526 admira·
1445 467 1608 533 nalitus.

41 586 47 625 r
114 540 204 617 sione
226 555 399 627 mutatam
418 530 623 631 conspexit.
650 534 787 609 Aberat
809 534 913 610 sascia
931 562 1016 611 ante
1032 541 1105 615 visa
1126 543 1162 615 &
1183 546 1425 647 coeliparsbo·
1448 551 1608 626 Anava.

41 686 42 723 r
113 635 228 726 realis,
253 632 418 730 inprimis
435 632 533 711 inter
549 655 673 709 orrum
692 633 1040 732 &septenes-ionem,
1058 639 1213 718 flammis
1229 650 1353 723 ardere
1372 651 1422 725 vi·
1445 627 1489 688 Μ’
1511 632 1589 705 ³⁰3·

110 738 280 827 debatur.¹
294 737 338 809 In
360 735 461 833 plaga
478 732 575 809 inter
593 756 714 807 ortum
735 735 768 807 dt
788 733 1066 833 septentrionem
1085 741 1425 827 intermediamalsa
1452 708 1607 820 ΤῩΜῙ·

41 884 48 927 ;
110 839 214 940 ignea
231 834 246 908 i
262 833 601 934 conglobabantur,
630 858 674 906 ex
700 859 770 933 qua
797 846 872 908 tana*
899 838 1004 911 celeri
1023 864 1123 916 motu
1140 840 1291 922 flammae
1309 847 1428 943 ejicie-
1456 809 1536 905 th·
1575 814 1606 879 ⁶·

41 988 43 1025 r
110 939 254 1026 bantur,
280 956 321 1009 ut
339 933 454 1035 spatio
473 936 622 1009 duorum
651 934 897 1034 scrupulorum
917 935 1148 1019 secundorum
1168 944 1211 1019 ab
1221 947 1427 1026 Horizonte
1454 905 1523 988 ΡΨ
1539 907 1607 985 ³⁶²⁰

41 1120 43 1125 ,
109 1035 282 1138 usquead
310 1033 444 1108 Zenitlt
473 1033 730 1124 ascenderent,
758 1037 923 1136 quamvis
949 1039 993 1113 ab
1019 1041 1142 1116 eodem
1167 1044 1284 1119 versus
1303 1071 1424 1126 ortum

106 1134 286 1239 paululum
305 1134 542 1209 declinarent.
575 1132 757 1209 Prioribus
775 1135 1064 1213 evanescentibus
1080 1141 1155 1217 aliae
1174 1146 1423 1241 pronasceban·

106 1261 187 1327 tur,
214 1233 372 1309 flammas
388 1230 551 1308 fimiliter
570 1234 817 1335 projicientes.
847 1239 913 1313 Per
928 1239 1144 1315 unamistius
1162 1244 1260 1319 modi
1280 1249 1424 1325 massam

106 1332 283 1438 globosam
305 1334 420 1409 lucida
439 1335 526 1430 lyra
544 1362 565 1406 a
586 1338 849 1435 transpatebat:
877 1336 993 1413 immo
1012 1341 1150 1441 aliquot
1168 1340 1426 1423 flammaueln·

107 1437 135 1510 ti
150 1459 192 1509 ex
208 1433 366 1509 turribus
383 1434 508 1513 aediutn
529 1434 703 1510 sacrarum
716 1436 757 1527 f,
770 1464 817 1533 g,
835 1438 858 1508 b
885 1436 1070 1514 ascendere
1090 1442 1324 1536 videbantur,
1351 1473 1425 1524 uon

108 1538 197 1613 secus
213 1559 253 1607 ac
274 1532 297 1607 li
315 1533 485 1611 incendio
504 1536 796 1636 corriperentur.
825 1536 952 1612 Altior
980 1563 1100 1614 tamen
1127 1566 1208 1618 erat
1229 1544 1387 1620 ascensus
1412 1602 1424 1638 ,

109 1659 201 1741 quarn
226 1633 272 1707 in
289 1633 725 1728 incendiisobservatur,
750 1635 881 1737 quippe
907 1663 1015 1737 prope
1034 1641 1167 1735 Z'enith
1193 1646 1334 1719 demum
1354 1670 1424 1721 tet·

113 1738 278 1814 minatus.
307 1736 385 1808 Alii
406 1735 495 1810 radii
512 1734 735 1815 flammantes
763 1736 806 1810 ab
825 1735 900 1834 ipso
917 1736 1106 1814 horizonte
1124 1742 1303 1842 originem
1320 1746 1424 1822 duce·

113 1838 199 1913 baut.
229 1834 354 1910 Color
371 1836 535 1911 omnium
555 1835 733 1939 sanguinis
753 1835 859 1911 instar
878 1841 1136 1938 propemodum
1155 1844 1322 1934 rubebat,
1341 1871 1424 1945 qua·

117 1938 219 2013 lisesse
236 1936 334 2011 solet
347 1936 432 2012 ferri
451 1937 652 2013 candentis.
670 1934 802 2010 Versus
812 1930 1151 2055 boream&*plagnm
1169 1942 1265 2018 inter
1278 1946 1423 2021 boream

111 2035 603 2114 &occasumintetrncdiam
631 2038 768 2111 interea
795 2037 917 2137 passim
946 2040 1037 2129 radii
1067 2042 1175 2117 lucidi
1202 2044 1244 2119 ad
1271 2047 1422 2145 gradum

109 2164 201 2239 usque
225 2166 297 2236 30,
314 2166 362 2229 40
380 2139 415 2212 dt
435 2151 481 2213 do
496 2137 601 2239 super
617 2137 1107 2233 horizontemenitebantur,
1132 2143 1336 2241 quindecim
1354 2145 1422 2219 cin

109 2239 188 2311 citer
203 2236 378 2338 scrupulis
394 2236 553 2313 secundis
575 2236 790 2339 persistentes
807 2238 952 2338 immoti
962 2248 1183 2342 ‚antequam
1201 2244 1420 2344 disparerent

107 2337 355 2414 &successuris
372 2340 490 2415 locum
512 2340 781 2441 relinquerent.
809 2339 1053 2417 Flammarum
1084 2344 1285 2418 rubentium
1305 2346 1421 2421 radio·

41 2532 43 2535 v
105 2463 178 2513 rum
206 2465 251 2513 ue
268 2439 468 2513 lucidorum
487 2439 723 2539 spesbacnlum
741 2438 1134 2519 dimidiaserehoraela
1162 2442 1417 2522 safiniebatnr:

104 2465 309 2639 quolasbo,
329 2565 411 2639 pars
425 2538 625 2615 horizontis
643 2538 796 2612 borealis
813 2565 856 2612 eo
882 2540 1067 2636 splendore
1096 2470 1291 2642 resulgebat
1319 2597 1330 2635 ,
1357 2545 1422 2642 qui
1557 2598 1559 2603 .
1651 2596 1672 2605 =-

100 2640 202 2714 nubis
220 2642 350 2712 aLuna
371 2638 474 2736 plena
492 2636 669 2713 illustrarat
686 2638 753 2709 else
773 2635 879 2709 solet.
899 2642 1044 2711 Notatu
1064 2660 1184 2713 tamen
1194 2642 1422 2738 dignumcst,

98 2743 195 2840 quod
217 2761 295 2811 tum
314 2738 353 2809 in
376 2759 475 2835 patre
495 2735 574 2809 coeli
594 2734 731 2823 lucida,
758 2736 835 2811 tum
854 2733 999 2809 obscura
1019 2734 1124 2813 stelle
1143 2737 1283 2834 pritnae,
1301 2738 1423 2813 secun-

98 2842 150 2914 dae
170 2838 206 2911 δι
229 2836 345 2909 tertiae
365 2860 421 2908 ma
449 2832 621 2909 situdinis
639 2834 775 2930 semper
794 2831 964 2906 distinete
983 2832 1117 2906 suerint
1140 2835 1249 2927 vise,
1278 2836 1424 2935 perinde

96 2963 138 3015 ac
157 2938 196 3010 in
219 2936 359 3036 reliquo
377 2862 491 3023 coelo,
518 2956 556 3006 ut
583 2933 671 3007 aden
687 2929 787 3004 nulla
797 2929 937 3027 prorsus
954 2931 1063 3004 nubes
1079 2930 1250 3007 adfuerit.
1269 2936 1424 3011 Interim

98 3035 180 3114 coeli
198 3037 345 3110 claritas
362 3034 475 3117 adhuc
492 3032 625 3127 residua
643 3028 789 3104 subinde
815 3028 1035 3103 mutationes
1086 3032 1226 3107 uasdam
1243 3033 1383 3111 subibat
1409 3087 1423 3125 ,

100 3137 148 3214 ita
166 3161 205 3212 ut
223 3134 355 3210 alicubi
373 3157 467 3208 nunc
485 3129 600 3229 major
617 3128 805 3217 evaderet,
826 3152 919 3225 nupt
939 3131 981 3204 ad
1001 3056 1188 3230 pridinum
1207 3131 1423 3211 intenlitatis

102 3238 245 3339 gradum
276 3234 436 3309 rediret.
466 3236 740 3332 Nonnunquam
766 3228 875 3303 etiam
904 3228 1021 3305 radius
1039 3229 1165 3330 aliquis
1192 3232 1423 3309 evibrnbatnr

104 3336 301 3415 &dammae
320 3331 542 3409 candidiores
559 3331 827 3431 proserpebant.
856 3332 953 3403 Cum
973 3329 1062 3404 hora
1082 3333 1219 3409 decima
1236 3333 1356 3407 audita
1373 3332 1423 3411 ts·

104 3437 179 3533 set,
206 3437 311 3514 breui
342 3433 416 3535 poll
435 3434 478 3508 ad
499 3431 813 3529 contemplandam
836 3429 919 3501 toeli
939 3428 1065 3503 faciem
1087 3432 1223 3507 redibat
1245 3430 1423 3508 Observa·
1447 3508 1448 3513 ,

107 3562 183 3613 tor.
206 3544 311 3615 Turn
331 3561 420 3610 vero
438 3558 559 3608 arcum
586 3531 744 3604 lucidum
775 3526 895 3602 versus
921 3526 1203 3628 septentrionem
1230 3529 1423 3631 conspicie-

106 3637 156 3715 bat
177 3666 210 3732 7.
238 3636 390 3714 circiter
417 3634 584 3736 gradibus
607 3630 708 3731 snpra
736 3628 965 3703 horizontem
985 3627 1195 3722 elevatum,
1221 3629 1424 3709 latitudinis

104 3739 302 3831 variabilis,
334 3759 462 3834 nempe
479 3732 602 3823 unius,
630 3731 672 3805 ad
692 3728 869 3805 summum
888 3726 1041 3805 duorum
1061 3729 1233 3830 graduum
1254 3785 1263 3805 .
1291 3730 1423 3807 Versus

106 3865 216 3916 ortum
235 3838 375 3915 debiles
392 3835 562 3937 quosdam
583 3831 699 3912 radios
716 3828 923 3907 emittebat.
953 3834 1045 3907 Hor.
1061 3855 1110 3903 so
1130 3829 1216 3905 min.
1230 3856 1273 3903 20
1293 3832 1423 3933 duplex
1656 3916 1660 3927 ¹

105 3943 287 4043 apparebat
308 3963 448 4013 arcusa
468 3936 503 4007 dc
522 3962 560 4024 e,
586 3931 700 4030 spatio
719 3930 935 4011 intermedio
956 3930 1057 4006 ualde
1067 3930 1234 4005 obscuro.
1262 3933 1425 4032 Spatium
1453 3933 1603 4034 rip-7.

105 4043 178 4116 coeli
204 4041 384 4117 inferiore
412 4032 705 4134 comprehensum
737 4031 888 4133 speciem
915 4029 1025 4106 densas
1051 4057 1091 4106 ac
1119 4031 1285 4132 pluvioso
1319 4032 1422 4107 nubis

106 4144 365 4230 mentiebatur,
393 4136 505 4212 slellas
524 4159 643 4209 tamen
663 4132 868 4233 conspeb'bui
888 4156 960 4206 nnn
979 4129 1175 4231 eripiebat.
1204 4131 1316 4215 Nudo
1325 4132 1423 4209 enim
1503 4174 1507 4175 ν

105 4246 205 4319 oculo
232 4242 372 4318 Miracb
399 4240 437 4312 in
465 4235 611 4336 cingulo
640 4236 879 4311 Andromeda
905 4231 1043 4333 fulgens
1066 4232 1205 4308 tamdiu
1229 4229 1424 4331 conspicie·
1441 4212 1515 4300 9³8·
1534 4213 1604 4296 3⁶3·
1722 4306 1725 4313 ,

108 4342 235 4438 batur,
262 4346 380 4420 donec
405 4336 617 4422 occideret3
654 4332 769 4433 polica
789 4359 876 4409 vero
903 4331 999 4407 stella
1025 4332 1150 4433 cygnis
1168 4331 1300 4405 ibidem
1318 4331 1426 4417 mica-

102 4441 178 4519 bat.
205 4444 326 4537 Atcni
345 4435 520 4541 superiori
538 4434 666 4509 tertius
676 4435 705 4527 f
714 4433 906 4534 contiguus
923 4456 1021 4523 etat,
1047 4432 1191 4531 majoris
1211 4432 1328 4508 multo
1348 4430 1427 4515 lati·

99 4545 255 4637 tudinis,
284 4541 345 4618 sed
362 4538 538 4617 claritatis
557 4537 665 4636 longe
685 4535 854 4611 minoris.
873 4538 969 4613 Mox
987 4531 1107 4608 versus
1124 4531 1287 4609 “casum
1310 4531 1426 4607 radio·

66 4662 85 4670 ”
103 4668 179 4722 rum
198 4643 384 4722 evibratio
399 4638 656 4717 observabatur
674 4637 710 4710 dt
730 4636 922 4717 continuus
950 4634 1116 4737 splendor
1142 4658 1221 4711 eam
1240 4629 1330 4733 coeli
1350 4652 1426 4729 par·

1305 4752 1380 4808 tem
