3709 5434
366 192 1123 314 Eruoaaonum
1242 246 1391 351 45·

153 872 875 964 nvtsn0P1ADn1AE
919 883 1346 997 ELOGIUM,

297 1082 554 1194 aJecoso
589 1084 954 1173 Fnccronano
980 1088 1199 1208 scriptum.
1276 1178 1279 1183 Α

94 1308 355 1475 Phlilr'ppusa
377 1313 486 1385 Turre
512 1338 553 1390 ea
572 1340 714 1392 morum
744 1317 924 1419 probitate
952 1318 1050 1414 fuit,
1086 1348 1196 1423 eaque
1222 1322 1408 1404 literarum

141 1508 150 1523 .
183 1410 319 1524 gloria,
349 1433 389 1525 ut
408 1412 542 1489 merito
570 1414 612 1492 de
632 1415 778 1494 fortuna
804 1421 907 1521 queri
926 1423 1109 1520 potuerit,
1136 1424 1198 1499 nisr
1219 1424 1262 1501 ad
1273 1449 1407 1502 ceteras

94 1534 203 1622 ammi
232 1509 334 1585 dotes
361 1510 534 1612 rnfignem
554 1516 841 1595 moderationem
861 1521 1066 1597 addidisset.
1094 1526 1183 1608 Non
1205 1526 1319 1600 caruit
1348 1526 1408 1601 ille

92 1610 234 1709 quadem
256 1610 381 1701 bonis,
405 1613 646 1713 qnaefortunar
663 1618 851 1707 dicuntur,
880 1620 1075 1697 abundavit
1093 1623 1225 1716 etiam,
1252 1623 1409 1700 srfortu·

95 1734 143 1784 na
159 1710 337 1786 duntaxat
357 1714 648 1806 munducatur,
674 1719 732 1796 sed
752 1720 934 1823 singularis
961 1721 1085 1815 illius,
1112 1746 1218 1824 atque
1245 1723 1408 1801 inaudita

95 1807 205 1923 virtus
223 1810 338 1909 majus
357 1811 492 1914 aliquid
514 1814 690 1915 postulare
709 1820 783 1897 visa
799 1819 869 1912 est,
887 1820 979 1895 uode
998 1820 1181 1896 hominem
1193 1822 1321 1923 polleri
1334 1850 1406 1897 me·

94 1932 261 1984 tuentur.
293 1914 413 1987 Natus
432 1913 479 1988 est
495 1915 533 1988 in
550 1919 636 1993 urbe
647 1920 850 2010 Foro-Julii
876 1921 990 2022 vulgo
1008 1924 1193 2013 Cividale,
1221 1923 1297 1998 Kal.
1309 1924 1405 2018 Maj.

93 2015 374 2104 Aomocavu,
401 2015 606 2112 parentibus
621 2020 783 2119 apprime
802 2020 1000 2112 nobilibus,
1026 2022 1153 2097 Mario
1170 2024 1341 2113 aTurre,
1367 2024 1404 2095 δε

92 2111 242 2186 Camilla
262 2114 585 2192 de‘Frumentinis.
614 2119 723 2213 Quod
742 2122 779 2196 in
791 2122 905 2221 prima
924 2141 1026 2195 aetate
1043 2122 1259 2196 rariffimum
1277 2120 1345 2213 esi,
1362 2123 1406 2197 li-

91 2211 164 2285 bros
188 2210 329 2309 semper
355 2213 511 2306 maluit,
538 2241 645 2316 quam
673 2221 894 2321 crepundia3
929 2246 1081 2320 cumque
1100 2221 1337 2296 Rhetoricum
1366 2224 1403 2295 δε

91 2310 376 2407 Philosopbicum
395 2314 534 2390 cursum
554 2317 592 2392 in
610 2319 733 2394 Patria
750 2320 935 2396 celerrime
952 2318 1152 2395 absolvisset
1171 2374 1183 2414 ,
1209 2322 1401 2398 Patavium

91 2410 277 2512 migravit.
305 2412 359 2486 Ibi
390 2414 506 2490 rursus
526 2416 755 2495 humaniores
772 2420 912 2496 litteras
930 2420 1083 2495 trablare
1101 2421 1234 2520 coepit,
1262 2422 1400 2523 adquae

92 2511 309 2611 potiflimum
324 2511 438 2589 sosius
453 2515 663 2608 videbatur,
681 2542 760 2594 tum
776 2519 810 2593 se
820 2520 1111 2615 Jurisprudentiae
1128 2520 1248 2609 dedit,
1275 2547 1337 2593 nec
1348 2523 1403 2593 in·

91 2612 192 2687 terim
211 2611 536 2703 mathematicum,
563 2638 624 2688 aut
643 2618 903 2689 Anatomicum
922 2614 1096 2705 sludium,
1122 2640 1284 2713 quaerat
1305 2618 1404 2716 inge·

88 2710 137 2786 nii
154 2710 396 2801 abundantia,
424 2712 665 2810 pretermifit.
694 2720 820 2788 Annos
834 2734 937 2787 oratus
953 2711 1026 2785 sere
1040 2711 1194 2809 viginti,
1222 2712 1404 2811 publicum

89 2812 273 2912 utriusque
292 2808 396 2897 luris⁴
412 2828 565 2885 examen
579 2810 720 2903 -subiit,
748 2810 987 2913 probatusque
1014 2809 1190 2911 suffragiis
1209 2811 1374 2887 omnibus
1391 2867 1405 2906 ,

84 2909 121 2986 in
142 2912 304 2987 Patriam
332 2909 514 2985 revertit:
543 2910 602 2985 ubi
621 2911 740 3012 paucis
767 2911 842 3011 post
869 2911 972 2986 annis
991 2914 1125 2984 Parruo
1141 2911 1318 2986 Civitatis
1333 2917 1406 2989 Ca·

85 3010 171 3085 noni
245 3009 433 3100 suffeslus,
453 3010 607 3111 antiquae
624 3009 836 3086 eruditionis
853 3009 1006 3085 studium
1025 3006 1196 3110 suscepit,
1214 3009 1270 3083 seu
1283 3013 1402 3110 potius

88 3036 301 3186 reoobivit.
326 3113 435 3183 Hunc
452 3110 549 3182 enim
577 3135 736 3185 amorem
763 3108 838 3209 jam'
855 3133 932 3183 tum
949 3108 1141 3184 imbiberat
1166 3133 1247 3183 curn
1260 3110 1422 3185 Patavii¹
1523 3126 1525 3129 ’

90 3210 187 3301 effet,
214 3210 251 3284 &
269 3207 467 3309 oblivium
486 3210 693 3285 Ferrarium
720 3209 996 3284 eruditissimum
1014 3208 1206 3310 superioris
1224 3207 1331 3284 seculi
1348 3210 1402 3286 vi·

91 3330 163 3384 rum
190 3306 474 3411 frequentillime
501 3309 658 3384 audiret.
686 3309 847 3384 Tametsi
866 3310 1054 3383 Ferrarius
1082 3307 1287 3408 politiorem
1308 3311 1401 3381 anti·

92 3410 262 3507 quitatem
284 3407 493 3495 traslabatr
519 3407 703 3507 Philippus
720 3434 807 3482 vero
834 3408 871 3480 in
891 3407 943 3481 sui
962 3408 1125 3506 Capituli
1152 3405 1318 3484 Archino
1346 3433 1402 3481 ru·

94 3508 185 3585 diora
205 3530 463 3598 monumenta,
490 3505 547 3581 sed
568 3506 681 3608 magis
700 3504 885 3582 recondita
902 3506 1065 3595 invenit,
1089 3507 1401 3605 quibusdeornan-

94 3607 137 3683 dar
152 3606 403 3712 autiquiffimae
422 3594 569 3698 Patriae',
595 3609 631 3681 δι
649 3603 896 3685 obscurissime
914 3603 1028 3679 aetatis
1052 3603 1262 3679 illustrandae
1288 3606 1402 3681 incre·

94 3705 185 3784 dibili
211 3709 344 3786 ardore
370 3704 554 3782 succensus
581 3705 647 3780 est.
674 3708 741 3782 Sed
761 3732 842 3782 eum
862 3705 1104 3805 intelligeret,
1132 3702 1335 3802 hujusmodi
1356 3706 1400 3781 li·

93 3827 239 3886 terarum
258 3828 375 3911 genus
392 3831 558 3907 magnam
576 3805 752 3882 librorum
763 3806 926 3908 copiam,
944 3802 1402 3882 &eruditorumcommer-

93 3904 177 3983 cium
196 3908 400 4012 postulare,
423 3910 580 3984 Romam
599 3907 817 4010 demigravit
844 3922 941 3982 annu
959 3927 1252 3997 moctxxxvrt,
1278 3907 1400 4007 ibique

91 4002 137 4080 ita
160 4009 192 4085 se
210 4033 333 4087 totum
354 4007 432 4084 anti
459 4034 509 4087 uae
525 4006 678 4083 historia
696 4006 876 4096 tradidit,
902 4003 1094 4106 prasertim
1122 4031 1210 4079 vero
1227 4006 1402 4079 Ecclesia·

91 4101 192 4202 llice,
218 4133 355 4187 utnon
382 4033 589 4209 multo‘post
607 4108 704 4184 inter
731 4107 889 4184 deleslos
913 4104 1153 4182 Academicos
1170 4103 1326 4206 collegii
1356 4105 1400 4176 de

90 4212 301 4308 propaganda
316 4212 409 4284 Fide
434 4209 565 4284 relatus
579 4207 706 4284 suerit.
734 4213 833 4285 Tum
852 4231 945 4282 vero
972 4205 1127 4306 primum
1154 4203 1192 4278 in
1210 4229 1339 4318 magna
1356 4203 1401 4276 il·

94 4304 125 4380 la
148 4334 220 4386 oon
236 4311 357 4389 dicam
377 4310 574 4387 multorum
591 4307 809 4401 hominum,
834 4304 894 4383 sed
917 4305 1083 4383 omnium
1109 4304 1182 4377 fere
1209 4326 1399 4379 nationum

91 4401 164 4483 luce
188 4410 327 4514 fulgere
343 4410 483 4513 coepit,
510 4412 546 4485 dc
572 4428 725 4510 quantus
741 4409 881 4485 loturus
907 4408 1021 4498 esset,
1047 4403 1255 4480 ostendere.
1292 4407 1403 4505 loge*
1418 4406 1488 4495 Peg.
1507 4408 1580 4490 38a¹

92 4503 186 4589 trium
213 4512 322 4592 multi
347 4510 645 4603 admirabantur,
677 4511 737 4588 sed
762 4510 960 4590 acerrimus
991 4505 1181 4586 bominum
1210 4501 1405 4680 algmator

1278 4629 1356 4680 aro·
