3709 5434
344 216 1337 367 Euuntsonuu.3w

112 433 201 525 rint,
227 453 303 507 tum
331 430 431 530 pessis
448 430 598 509 Vienna
625 432 807 533 graffata,
835 457 911 509 tum
942 435 1075 513 reditus
1093 442 1325 516 Hanoveram
1348 447 1419 517 Ari.
1437 438 1601 508 intrari.

46 540 51 583 ²
116 563 203 633 1714
229 532 342 609 ladius
369 539 414 608 ad
431 529 683 634 perficiendam
703 533 882 609 historiam
894 536 1185 611 Rruusuitensem
1207 541 1418 639 impedivit.
1438 524 1498 661 ff·
1514 542 1599 662 'vi’

42 639 48 679 ³
114 635 253 713 Invenit
273 638 476 709 Hanoueia
495 632 625 705 laboris
641 633 773 706 socium
791 639 1106 727 Cl.Ecltbardiuiii,
1134 662 1239 739 quem
1253 647 1332 721 Rex
1345 650 1419 719 An·
1442 642 1484 743 p,
1495 601 1509 674 J
1515 621 1609 762 Ἓξ..

42 740 49 781 1²
110 739 182 839 glin
207 737 289 809 ideo
316 761 360 808 ex
381 734 577 808 Academia
605 732 698 819 Julia
726 733 763 804 in
792 738 907 810 aulam
936 762 1123 813 evocatum
1163 739 1273 815 titulo
1303 742 1422 819 Hillo-
1482 720 1501 764 ⁶

41 842 45 881 ;
112 836 288 938 ringrapbi
318 856 538 922 ornavnrat:
574 857 726 933 cunique
751 833 788 907 iu
816 837 950 936 Anglia
976 836 1105 935 scripta
1135 843 1307 916 nonnulla
1336 872 1423 920 con·

41 972 42 981 ¹
110 962 161 1011 tia
187 936 402 1035 religionem
424 933 664 1008 Latherinam
694 932 730 1006 in
759 935 882 1009 odium
900 936 1011 1039 Regis
1038 938 1267 1037 prodiissent,
1296 944 1332 1017 iii
1356 968 1427 1020 tra·

41 1044 47 1085 ³
109 1039 202 1112 {latu
221 1034 395 1124 Gallico,
422 1035 478 1108 cui
496 1035 745 1119 Anti-Jacnbire
771 1034 818 1110 est
847 1037 974 1112 titulus
992 1092 1012 1129 ,.
1039 1042 1080 1112 ad
1108 1039 1327 1131 obiesliones
1357 1045 1427 1119 tes·

109 1139 234 1237 pondit
262 1134 504 1208 &discrimen
533 1133 694 1209 Ecclesiae
715 1136 924 1234 Anglicanae
952 1162 1058 1240 atque
1075 1137 1284 1216 Luiheranae
1312 1145 1349 1218 in
1370 1172 1425 1218 ar·

108 1238 221 1312 titulo
248 1237 289 1309 de
308 1240 421 1308 Coena
450 1235 615 1307 distinete
642 1235 822 1332 exposuit.
850 1238 1120 1315 Viennn›vero
1147 1264 1226 1312 cum
1239 1245 1426 1341 Dn.Sully

108 1339 266 1409 libellum
284 1335 466 1407 Gallicum
494 1334 556 1407 l'ub
585 1334 723 1409 titulo:
749 1337 857 1434 Regle
882 1337 1072 1426 artificielle
1098 1343 1145 1412 dii
1164 1344 1281 1432 Tems,
1309 1345 1344 1416 in
1365 1372 1424 1443 pu-

107 1438 237 1510 blicum
265 1433 472 1530 proferret,
503 1459 605 1509 notas
632 1438 799 1537 quasdam
829 1462 976 1538 rogatui
1003 1439 1133 1536 adjecit
1163 1441 1204 1514 de
1224 1446 1332 1516 modo
1353 1469 1424 1518 tra·

46 1613 49 1623 ,
108 1535 224 1611 ilandi
255 1534 445 1633 horologia
474 1535 637 1632 pendulis
665 1536 1113 1617 &eiarerihusinssrutla
1138 1540 1355 1617 Trasiaium
1381 1545 1424 1619 de
1526 1628 1529 1631 ,

107 1635 307 1737 originibus
322 1638 570 1725 Francorum,
596 1642 642 1712 A.
661 1657 752 1729 1715
782 1638 941 1729 editum,
966 1640 1224 1741 impugnarunt
1254 1643 1427 1720 inGallia

110 1736 190 1810 Viri
218 1734 365 1836 quidam
394 1736 555 1826 eruditi,
583 1737 617 1809 tr
644 1737 681 1810 in
700 1738 899 1814 Germania
916 1742 1174 1839 Gundli'ngius,
1202 1741 1428 1842 Eloquentiae

113 1837 148 1910 in
169 1835 368 1911 Academia
387 1834 532 1908 Haleiisi
550 1835 753 1910 Professor.
791 1840 856 1913 Sed
886 1841 1044 1941 utrisque
1072 1853 1156 1916 moi'i
1176 1842 1313 1939 publice
1330 1843 1429 1917 satis·

107 1936 216 2010 lecit.
245 1944 404 2026 A.i716
431 1962 492 2035 per
509 1934 630 2009 literas
657 1937 700 2009 de
718 1941 939 2036 argumentis
966 1941 1215 2040 metaphysicis
1233 1968 1312 2017 tuni
1326 1947 1429 2017 Cler-

113 2039 166 2111 lu'o
190 2035 412 2136 disputavit,
439 2061 517 2135 quae
540 2061 620 2109 tum
650 2037 686 2109 iii
708 2039 844 2139 Anglia
861 2041 1005 2136 praelum
1025 2042 1140 2116 subire
1157 2042 1338 2134 debeant,
1365 2046 1428 2120 suo

110 2162 274 2235 tempore
301 2161 319 2207 a
347 2135 450 2208 nobis
477 2135 770 2210 recensebuntur.
799 2138 858 2213 Ad
878 2142 1173 2215 DmRemoniiiini
1193 2144 1428 2220 nonnulla'de

110 2236 313 2337 Theologin
333 2232 529 2308 sinensium
549 2237 731 2309 Lutetiam
752 2238 965 2313 Parisiorum
994 2244 1086 2316 misit
1104 2294 1115 2332 ,
1140 2244 1175 2315 ἃ
1196 2267 1342 2317 mortuo
1359 2249 1431 2317 Bii-

109 2364 186 2408 iano
211 2344 253 2407 de
269 2340 455 2409 laHontun
481 2336 695 2409 Ttablatum
725 2337 835 2411 edidit
856 2340 1070 2434 Gallicum,
1098 2342 1154 2416 tui
1174 2342 1332 2418 titulus:
1360 2350 1430 2417 Re·

106 2440 205 2532 panse
233 2438 280 2509 du
299 2442 413 2509 Baton
432 2438 484 2507 'de
497 2437 676 2507 laHonran
693 2464 714 2507 a
731 2439 765 2507 sa
782 2440 879 2508 leriae
905 2441 992 2511 d'un
1007 2445 1207 2538 particusier
1225 2448 1360 2542 oppos&
1385 2471 1431 2518 ait

107 2536 289 2626 Manifelle
312 2540 354 2609 de
379 2537 415 2606 la
438 2538 581 2620 Maielld
605 2536 647 2605 de
672 2538 705 2604 la
723 2540 861 2607 Gmnde
877 2542 1046 2633 Breiagne
1070 2568 1191 2615 comme
1208 2545 1361 2615 Eledleur
1388 2550 1431 2617 de

106 2637 286 2731 Brnnjwic
310 2657 421 2706 conire
437 2635 610 2705 uineae.
638 2633 699 2704 Ad
727 2658 847 2728 preses
861 2637 1051 2717 iablonskii‘
1078 2640 1194 2711 varias
1210 2640 1371 2736 epillolas
1388 2645 1432 2716 de

111 2737 250 2807 unione
277 2729 554 2807 Protellantium
584 2726 814 2826 conscripsit.
851 2734 895 2803 ln
926 2734 1060 2833 Anglia
1096 2760 1279 2807 nonnemo
1306 2741 1434 2813 calculi

107 2830 363 2907 differentialis
391 2828 530 2901 inventi
550 2826 733 2927 gloriam,
759 2852 828 2927 qua
857 2855 918 2925 per
937 2854 993 2904 tot
1011 2856 1122 2906 anuos
1141 2831 1347 2926 fruebatur,
1372 2839 1435 2912 du·

113 2934 211 3006 biam
242 2931 304 3030 ipsi
331 2931 475 3004 reddere
503 2950 658 3022 coeperat
687 2926 729 2999 ab
748 2936 793 3000 A.
810 2937 928 3018 17083
956 2931 1035 3019 cui,
1062 2958 1141 3005 tuni
1161 2933 1435 3025 Viennaeeffet,

108 3030 277 3105 thartam
304 3031 480 3131 quandam
509 3028 694 3102 volantem
724 3025 860 3099 interea
878 3027 1045 3126 opposuit
1074 3032 1109 3102 dt
1128 3034 1332 3125 nonnulla,
1358 3062 1435 3136 qua

110 3130 148 3204 in
170 3128 308 3203 Diario
327 3124 497 3228 Hagienli
515 3152 555 3198 ea
582 3125 625 3198 de
638 3149 675 3199 rt
694 3125 1183 3226 publicatisopponerentur,
1208 3133 1250 3205 ad
1263 3135 1436 3211 Amicum

110 3228 335 3330 perscripsit,
362 3230 475 3300 donec
504 3227 613 3298 redux
641 3222 754 3299 fantus
781 3225 1007 3340 perlustraret
1035 3231 1315 3322 commercium,
1339 3238 1436 3334 quod

114 3355 157 3404 eo
177 3326 251 3403 line
277 3328 315 3400 iii
335 3327 468 3424 Anglia
498 3325 710 3423 prodierat,
734 3325 988 3421 epistolicam,
1013 3329 1049 3401 dt
1076 3328 1275 3405 dillindlius
1302 3336 1344 3405 a'd
1374 3337 1439 3409 sin·

120 3432 198 3528 gula
228 3426 477 3527 responderet.
505 3424 797 3499 Enimverocum
816 3425 1069 3525 intelligeret,
1087 3426 1439 3508 inficetumscriben-

116 3529 150 3603 di
168 3555 281 3629 genus
302 3525 460 3602 adamari
489 3526 532 3598 ab
551 3520 810 3621 Antagonistn,
838 3527 934 3621 quod
953 3527 988 3596 &
1008 3527 1106 3600 asuo
1122 3530 1230 3624 genio
1248 3532 1283 3604 dt
1304 3533 1441 3606 abecu-

114 3628 141 3701 ii
167 3628 337 3704 moderni
367 3625 524 3701 moribus
552 3623 706 3697 alienum
737 3647 920 3711 noverat,
949 3649 1013 3696 nee
1041 3624 1112 3719 ipse
1138 3652 1158 3698 a
1186 3625 1218 3698 se
1247 3630 1441 3732 impetrate

115 3730 256 3827 potuit,
285 3751 329 3802 ut
349 3722 592 3826 Antagonillai
619 3720 821 3813 crambem,
848 3746 955 3823 quam
975 3724 1100 3824 saepius
1125 3726 1303 3803 secusiam
1334 3758 1442 3832 appo·

114 3829 203 3921 luit,
227 3832 290 3902 vel
323 3827 450 3929 primis
473 3823 576 3899 labiis
603 3821 822 3925 degustaret,
850 3825 1059 3898 nec'amicis
1078 3826 1288 3922 permittere
1299 3834 1441 3922 voluit,

116 3954 151 4003 tit
171 3929 315 4006 eausam
343 3928 439 4002 suam
467 3936 680 3999 tuer'eutur:
709 3949 818 4023 quare
846 3923 955 3997 etiarn
982 3924 1115 4001 sosium
1132 3926 1211 4019 est,
1239 3954 1278 4003 ut
1306 3932 1440 4005 dehac

117 4026 365 4105 controversia
393 4027 519 4102 uiliila
539 4023 797 4100 nobisdiiium
824 4020 932 4098 suerit
947 4024 1187 4103 'inhisAslim
1214 4032 1303 4121 Quo
1319 4052 1442 4107 tamen

117 4131 364 4233 perspicerent
384 4128 653 4229 intelligentes,
674 4125 759 4226 quid
778 4125 821 4197 de
840 4147 918 4197 tota
946 4125 1006 4199 illa
1029 4129 1271 4203 controversia
1289 4129 1443 4205 sentieti-

116 4232 198 4305 diiiii
217 4232 284 4322 sit,
318 4228 554 4304 Commeicio
582 4225 767 4327 epistolica
786 4224 991 4324 Anglorum
1019 4228 1115 4302 aliud
1133 4229 1312 4326 quoddam
1341 4228 1444 4304 suuni

119 4330 284 4433 idemque
313 4328 467 4429 amplius
485 4351 676 4427 opponere
701 4325 943 4417 decreverat,
975 4326 1010 4399 δι
1038 4327 1156 4426 paucis
1192 4350 1275 4402 ante
1302 4327 1445 4404 obitum

117 4431 239 4507 diebus
263 4431 367 4506 Clar.
386 4425 528 4503 Wolfio
556 4423 769 4527 significavit
790 4432 810 4514 ,’
827 4425 861 4501 se
880 4426 1022 4527 Anglos
1049 4425 1179 4502 sarnam
1209 4425 1314 4525 ipsius
1341 4429 1445 4504 lares-

117 4530 233 4613 lennes
255 4531 371 4630 teipsa
401 4529 669 4604 refutaturum:
703 4551 810 4627 quam
829 4525 984 4626 primum
1013 4527 1158 4604 enimn
1186 4528 1364 4603 laboribus
1391 4528 1446 4605 hi,

118 4629 255 4713 statiuis
284 4642 476 4707 nmaturua
495 4629 558 4727 sit,
584 4629 751 4706 daturum
771 4626 805 4703 se
823 4627 972 4731 aliquid
988 4625 1025 4705 in
1049 4628 1197 4728 Antlysi
1223 4629 1364 4734 prorsus
1392 4626 1444 4705 in.

1290 4752 1397 4829 expe·
