3709 5434
387 255 1350 409 Ertuurrouunr.157

113 492 202 588 etr,
232 497 373 592 proter
395 477 698 584 Athenienses,v
719 480 814 565 alios
834 480 922 590 ibi,
952 487 1031 571 nun
1052 486 1140 571 illus
1158 484 1261 599 ipsos
1279 490 1427 576 iterum
1443 499 1603 571 nantuel

116 593 608 688 commemoratos-form.
643 597 773 683 Placet
799 601 925 685 etiam
954 606 1188 691 emendatio
1214 609 1292 692 loci
1322 608 1426 692 illius
1445 588 1605 731 &⁰1⁷3

113 748 163 808 ex
182 716 365 804 AEliano-
383 717 424 799 ita
446 714 692 828 ve’doiypee
722 712 903 821 addudli,
932 720 1061 831 quiin
1084 723 1258 837 vulgatis
1286 725 1338 811 fic
1357 754 1426 813 ex·
1482 706 1491 728 ⁸
1535 683 1554 748 p

113 837 277 924 hibetur
297 860 308 914 ε
341 829 516 936 ineditae
534 826 695 945 δὶέμυος
714 828 787 922 eled
804 829 963 948 πέρυσιν
981 838 1033 942 nie
1048 837 1162 953 idere
1191 869 1280 957 que
1301 843 1425 930 verba

113 980 232 1061 curu,
266 976 481 1064 utcumque
501 949 862 1063 licet,s1gnificent
881 952 1088 1042 huminem
1105 961 1306 1071 quendam
1322 960 1431 1047 urai.

113 1075 172 1183 le,
192 1097 241 1158 ut
264 1070 335 1157 sebi
354 1067 455 1155 oculi
471 1093 736 1176 eruerentur3
767 1072 1007 1183 interpretes
1027 1077 1067 1159 in
1086 1082 1329 1164 contrarium
1343 1077 1423 1164 len-

112 1193 191 1278 lum
214 1189 474 1294 extulerunt,
504 1186 611 1299 quali
632 1189 664 1270 is
681 1185 914 1300 deprecatur
930 1191 1060 1278 luisset
1080 1195 1285 1284 oculorum
1305 1192 1424 1308 jariu-

112 1335 227 1402 ratu:
263 1309 306 1393 id
325 1303 429 1422 quod
449 1304 707 1390 verosimilius
735 1306 789 1392 cll
810 1308 925 1394 illum
954 1308 1121 1418 iecille,
1151 1315 1271 1398 modu
1299 1318 1339 1399 id
1369 1341 1422 1404 ex

112 1426 251 1519 Graecis
269 1427 355 1512 ulla
376 1425 528 1512 ratione
552 1424 730 1536 exprimi
747 1427 899 1540 pollet.
931 1428 1041 1515 MSti
1070 1430 1340 1543 Lugdunensis
1369 1432 1423 1523 le·

110 1547 183 1634 ello
211 1573 313 1633 eum
344 1539 497 1626 leolum
527 1541 721 1628 exhibens
750 1571 872 1654 quern
903 1543 964 1631 illi
987 1546 1178 1635 volebant
1207 1550 1248 1635 dt
1269 1577 1330 1637 rer
1355 1575 1424 1663 pu-

111 1668 255 1773 stolae,
287 1664 371 1749 ltaec
391 1661 478 1747 esta
509 1654 691 1756 intuitos
715 1658 878 1773 [iuducere
904 1659 976 1754 eled
1005 1659 1167 1778 minuere
1196 1664 1249 1769 ἧς
1274 1663 1422 1777 ideae.

114 1786 284 1888 Forralle
308 1807 436 1889 vera,
465 1781 570 1863 bona
595 1782 755 1888 utique.
785 1782 860 1866 Sed
880 1781 919 1865 id
940 1781 1057 1866 aliter
1086 1809 1243 1897 quoque
1272 1812 1348 1866 non
1367 1789 1425 1868 in·

119 1929 204 2015 epte
231 1901 364 1988 dice-re
398 1898 579 2005 poruillet
598 1897 809 2004 AElianus,
839 1896 919 1983 stc:
960 1896 1140 2008 ἠντιβόλει
1162 1893 1422 2015 vetuerimne

111 2018 181 2113 elo*
196 2016 357 2137 eripuerit
377 2010 591 2125 tricident.
620 2015 727 2130 quod
744 2010 1000 2129 reperirentur
1030 2018 1149 2103 alicui
1181 2019 1309 2104 videti
1339 2019 1432 2132 pul·-

109 2138 156 2225 fit
184 2165 405 2254 genuinum
430 2143 529 2240 elle,
559 2133 610 2219 ab
630 2136 764 2247 aliquo
780 2139 968 2248 imperito
985 2162 1057 2249 per
1073 2129 1234 2249 dedecoret
1264 2136 1304 2220 in
1322 2160 1425 2222 mat·

110 2259 197 2369 gine
217 2261 469 2371 explicatum
494 2251 744 2369 (utrumque
764 2278 900 2338 autem
915 2256 1079 2370 petendi
1094 2253 1423 2368 lignrlicatiunem

109 2376 228 2465 habet
261 2378 326 2461 led
352 2371 509 2460 diverso
536 2371 718 2481 modn,)
745 2370 887 2459 deinde
917 2373 968 2456 ab
986 2375 1097 2474 alin,
1125 2373 1189 2456 cui
1218 2371 1259 2457 id
1292 2372 1424 2458 minus

103 2523 264 2609 quoque
297 2519 435 2580 notum
469 2490 563 2576 ellet
594 2516 662 2575 aut
681 2493 881 2602 placeret,
909 2517 1029 2601 quam
1044 2485 1230 2600 reim,
1258 2489 1350 2574 huic
1369 2490 1424 2574 lu·

100 2641 194 2700 tum
226 2614 322 2698 dare
353 2605 558 2695 corilum·
590 2611 694 2692 lov·
715 2603 934 2719 Bpeyxt'dee
952 2632 1165 2707 narratur,
1194 2604 1283 2688 illus
1302 2609 1424 2692 Bran·

97 2734 270 2830 chidas,
300 2729 369 2838 qui
389 2750 506 2809 erant
524 2723 651 2801 Vatea
668 2720 1080 2830 ApolliursDidymaei
1103 2717 1208 2829 apud
1227 2720 1423 2826 Milesios,

96 2851 140 2933 dt
161 2878 187 2931 a
212 2843 398 2930 Brancho
419 2837 618 2946 Apollinis
640 2834 792 2921 ·amasro
821 2838 878 2918 ita
897 2836 1162 2938 dicebantur,
1189 2834 1281 2919 ilios
1299 2840 1427 2947 igitur

104 2966 176 3051 iub
197 2966 434 3047 vadveutum
445 2956 594 3038 Xerxis
623 2949 830 3062 prodidisse
859 2953 1058 3060 templum
1071 2952 1152 3036 Dei
1172 2948 1423 3063 spoliandum

106 3083 259 3171 Perfice
292 3076 434 3164 deinde
456 3094 568 3154 metu
588 3069 749 3152 ntttoeie
777 3091 867 3152 cnm
890 3068 1016 3155 Perit
1042 3096 1096 3155 ex
1106 3069 1260 3159 Gracia
1289 3096 1421 3164 rever·

112 3203 309 3302 tentibm,
341 3191 505 3278 ulterius
525 3190 564 3272 in
582 3186 720 3272 Asiam
741 3181 961 3300 profeant,
978 3189 1110 3275 lucum
1129 3188 1276 3300 aRege
1296 3193 1420 3302 impe·

116 3325 249 3425 tralie,
284 3301 428 3427 in'quo
447 3309 587 3393 urbem
608 3308 857 3392 condiderint
886 3310 1165 3419 cognominem
1196 3304 1264 3390 fibi
1298 3306 1418 3417 ipses,

119 3437 375 3522 Branchidae.
409 3425 688 3513 Posterioribue
715 3449 852 3510 tamen
874 3427 1119 3536 temporibus
1134 3423 1460 3565 Alexandrum?
1547 3503 1566 3566 6

114 3557 176 3640 M.
205 3581 292 3639 curn
312 3552 393 3663 jem
418 3552 456 3631 in
478 3547 568 3630 Alia
591 3570 723 3628 rerum
749 3545 969 3656 potiretur,
1002 3544 1101 3627 hanc
1133 3542 1342 3652 perfidiam
1373 3544 1415 3630 io
1459 3519 1507 3585 ἐ’
1529 3518 1543 3564 ¹
1566 3511 1599 3582 ⁴³

116 3672 272 3785 pelleris
292 3667 462 3785 ipsorum
476 3665 549 3749 elle
567 3663 720 3768 ultum,
748 3688 846 3775 qnos
863 3686 1002 3745 omnes
1019 3659 1234 3763 occiderit,
1265 3661 1418 3750 urbem·

114 3820 183 3906 qne
198 3795 419 3878 deleverit.
452 3788 587 3898 Quam
621 3779 823 3866 hilloriam
853 3808 923 3865 cur
943 3780 1018 3864 Vir
1038 3778 1106 3865 Cl.
1126 3777 1338 3895 ancipitem
1359 3781 1417 3867 di·

115 3939 192 4017 eat,
221 3939 305 3997 non
323 3909 469 4008 video,
497 3929 587 3986 cum
609 3903 715 3985 clara
736 3900 814 4005 lit,
843 3899 882 3983 dt
911 3898 962 3984 ab
985 3899 1073 3987 aliis
1093 3900 1216 3984 etiam
1237 3899 1417 4010 tradita,

116 4030 297 4118 Strabone
319 4028 357 4111 dc
377 4021 610 4106 Plutarcho.
643 4022 702 4104 Ea
724 4023 846 4131 igitur
877 4015 1036 4102 historia
1057 4017 1158 4130 apud
1178 4015 1342 4101 Suldam
1373 4016 1416 4104 itt
1508 4091 1512 4102 .

116 4147 204 4235 Edd.
224 4149 423 4233 clauditur
445 4143 505 4224 hit
524 4139 654 4223 verbis
673 4163 684 4218 t
711 4133 821 4226 dell
839 4129 1068 4247 »leidrirupor
1087 4131 1199 4224 πᾶλιν
1217 4128 1416 4223 audeone·

116 4258 297 4373 dielnice
316 4324 332 4371 ‚
363 4256 683 4361 recle-omnino,
715 4284 787 4341 nec
818 4255 928 4338 lecile
951 4260 1161 4368 quitquam
1182 4252 1287 4338 lectu
1307 4269 1413 4357 putt-

119 4384 199 4487 bit;
228 4415 282 4471 ex
310 4386 394 4467 MS.
425 4405 561 4464 tamen
585 4373 814 4487 profertur,
843 4373 882 4457 dc
913 4376 1063 4458 ultimo
1094 4371 1183 4455 troci
1212 4363 1419 4481 profertur

109 4500 391 4610 ,inerr'einem
419 4500 522 4611 quod
545 4525 620 4577 non
640 4494 792 4579 malum
812 4492 974 4608 quidem
995 4490 1078 4594 est,
1107 4488 1172 4571 led
1196 4513 1274 4598 prae
1291 4484 1418 4572 alteru

122 4621 180 4707 illo
200 4650 270 4709 vnr
293 4615 583 4710 allumendum.
616 4618 663 4700 ln
683 4614 862 4704 versione
882 4616 1010 4698 etiam
1029 4603 1266 4695 ClKulleri
1288 4599 1417 4810 negcio

1269 4748 1351 4838 qui
1405 4753 1409 4764 ·
