3709 5434
400 206 1163 315 Eaun1ronuu.
1324 246 1377 350 η

144 452 212 505 tut.
237 418 397 497 Fallitur
415 448 437 510 7
456 423 524 497 Vir
544 420 603 496 Cs.
624 419 708 496 dum
727 421 789 496 fibi
811 421 1025 520 persuadet,
1051 450 1161 525 genus
1180 425 1217 501 in
1244 426 1459 505 definitione·
1476 431 1637 500 Ass-Erud-

140 525 286 630 positum
316 545 459 595 motum
478 550 497 596 a
515 521 635 622 quiete
662 520 902 622 distinguere.
932 526 1021 597 Non
1047 522 1118 621 jam
1148 542 1278 640 urgeo,
1305 527 1454 628 idquae
1476 518 1637 581 ΛΜΗ·
1667 544 1669 549 ’

140 626 225 701 reale
251 619 304 694 est
326 620 366 695 in
394 644 518 713 motu,
545 621 660 695 uisum
688 647 814 721 nempe
841 623 1024 718 corporis,
1052 648 1125 696 non
1155 651 1272 700 minus
1298 624 1336 699 in
1359 629 1458 727 quie·
1477 590 1523 652 Μ’
1553 593 1636 654 N‘w‘

138 726 249 801 scente
276 744 387 823 quam
416 718 454 793 in
482 742 584 794 moto
612 720 825 820 deprehendi
852 748 863 808 3
892 723 950 795 scd
977 720 1229 807 definitionem
1258 726 1301 799 ad
1329 750 1460 825 corpus

139 822 281 923 aliquod
310 815 492 919 quiescens
516 819 673 919 applico.
702 825 881 895 Ponamus
906 847 938 893 e.
956 846 988 920 g.
1007 821 1151 920 globum
1182 823 1387 921 plumbeum
1410 853 1454 901 ex
1474 836 1551 928 lug·⁴
1567 865 1635 927 495·

134 923 191 1001 silo
218 918 448 1020 suspensum,
472 945 546 1019 quo
573 920 768 1010 retinetur,
796 945 841 996 ne
867 919 1071 993 descendat.
1099 924 1199 996 Dum
1218 923 1268 998 ita
1286 923 1458 1023 quiescit,

134 1022 316 1099 continuo
343 1017 465 1090 versus
500 1041 662 1091 centrum
690 1042 793 1093 terrae
822 1017 953 1092 nititur
987 1019 1145 1120 adeoque
1173 1022 1278 1121 agit,
1306 1047 1459 1136 cumque

135 1121 232 1198 nisus
256 1119 316 1190 isle
345 1117 389 1191 ab
417 1116 567 1210 impulsu
595 1117 736 1192 retheris
752 1115 896 1217 globum
919 1118 1133 1215 perlabentis
1152 1122 1327 1217 pendeat,
1354 1120 1461 1218 hujus

138 1219 314 1296 continuo
332 1214 575 1315 impressiones
593 1225 606 1303 (
624 1239 663 1290 ut
687 1242 767 1290 cum
786 1216 881 1289 Viro
905 1216 1015 1292 dono
1042 1218 1199 1316 loquat)
1225 1218 1352 1315 recipit
1372 1275 1380 1293 .
1409 1226 1460 1295 Et

138 1322 198 1395 stac
218 1318 389 1405 afflone,
416 1316 473 1389 ves
492 1316 787 1416 receptanthetis
814 1315 1041 1413 impressione
1068 1340 1194 1389 centro
1221 1319 1359 1391 telluris
1381 1346 1462 1416 pro·

136 1420 313 1519 pinquare
340 1416 374 1486 δι
405 1441 424 1488 a
452 1439 558 1488 manu
585 1415 740 1490 tenentis
767 1416 928 1490 recedere
955 1412 1095 1513 potest:
1125 1416 1279 1511 accessus
1296 1417 1390 1491 enim
1415 1420 1460 1491 ad

134 1539 308 1593 centrum
324 1536 423 1587 tetrae
444 1516 478 1585 &
497 1514 646 1588 recessus
669 1542 688 1589 a
707 1539 813 1589 manu
841 1514 994 1587 tenentis
1012 1513 1059 1587 esi
1076 1513 1300 1588 effesiusilsa
1319 1515 1461 1589 assione

140 1614 406 1716 producendus.
436 1612 541 1687 Unde
560 1612 584 1687 fi
602 1611 725 1705 filum,
752 1614 847 1727 quod
869 1612 1061 1702 renititur,
1088 1613 1309 1699 dissecatur·,
1337 1615 1461 1713 globus

149 1715 232 1789 asin
256 1710 457 1788 descendit.
486 1710 570 1786 Filo
596 1735 712 1786 autern
740 1710 921 1799 discesso,
958 1711 1007 1783 nis
1034 1712 1142 1810 globo
1173 1711 1341 1800 accedit,
1366 1713 1464 1812 quod

155 1839 233 1888 non
249 1838 324 1887 ante
340 1810 477 1898 inerat3
505 1810 562 1885 sed
580 1812 877 1911 impedimentum
897 1809 1021 1884 saltem
1039 1832 1271 1901 removetur,
1297 1815 1391 1910 quod
1403 1813 1465 1884 ob·

152 1910 246 1999 stat,
272 1911 464 2009 quominus
484 1911 646 2011 potentia
668 1912 713 1985 ad
730 1910 849 1984 adium
875 1910 1108 1983 traducetur.
1137 1910 1303 2009 Denique
1334 1916 1352 1978 8
1382 1936 1464 1985 curn

139 2007 322 2082 definitio
336 2033 449 2084 motus
467 2009 682 2084 desideretur
699 2034 770 2082 non
791 2033 864 2082 cam
890 2009 932 2081 ad
951 2032 1102 2104 corpora
1130 2030 1229 2081 mota
1246 2035 1267 2082 a
1285 2007 1466 2108 quiescen-

142 2108 241 2180 tibus
255 2108 294 2180 in
314 2107 385 2183 vita
404 2110 589 2183 communi
609 2108 873 2210 distinguenda,
900 2131 1007 2207 quam
1026 2129 1066 2180 ut
1084 2107 1179 2181 iuter
1199 2106 1372 2205 principia
1386 2109 1467 2182 Phi-

1 2251 2 2258 κ
139 2204 310 2305 sosopsriae
329 2209 502 2283 naturalis
523 2208 715 2297 reseratur,
742 2207 930 2308 exquibus
958 2207 1027 2279 asia
1054 2204 1298 2291 deducantur3
1324 2204 1361 2279 id
1393 2231 1468 2280 ma-

139 2303 238 2378 xime
256 2306 441 2398 desidero,
461 2308 555 2408 quod
574 2333 739 2382 naturam
759 2329 879 2381 nrotus
897 2329 969 2379 non
996 2303 1078 2377 satis
1108 2304 1281 2402 explicet,
1308 2322 1373 2379 nec
1400 2306 1436 2379 id
1454 2357 1468 2397 ,

141 2405 235 2502 quod
251 2405 302 2479 est
324 2407 418 2479 reale
435 2406 472 2479 in
492 2430 613 2494 motu,
641 2434 659 2479 a
679 2406 911 2506 phaenomeno
926 2402 1138 2502 distinguat:
1166 2403 1262 2504 quod
1275 2401 1468 2478 discrimen

142 2502 213 2597 jam
238 2529 424 2604 exponere
440 2505 581 2580 animus
600 2531 670 2579 nun
690 2504 757 2582 est.

312 2830 1308 2997 constnrn'amo
1465 2878 1648 3017 Μ·

232 3123 654 3215 WENCESLAI
683 3127 995 3243 'JQSEPHI
1046 3131 1385 3222 PELICANI

149 3347 276 3457 Super
286 3340 499 3455 specimine
524 3302 847 3536 Trigqndmcrriae
867 3336 1095 3450 Analyticae
1129 3342 1177 3425 ab
1202 3337 1470 3456 Illustriffimo

216 3457 380 3542 Domino
438 3456 606 3541 Domino
669 3476 1002 3541 ERDlNANDO
1026 3460 1244 3542 Ettrrsss‘r
1291 3502 1301 3513 ·
1354 3462 1496 3542 omits

217 3574 262 3658 ab
282 3514 676 3661 Hnu’nnnsrntn
701 3571 898 3676 exhibita,
1216 3484 1283 3597 ’Ὀ
1313 3464 1351 3545 c

457 3759 506 3815 ac
539 3729 656 3815 Asiis
689 3727 844 3816 Menfis
876 3730 975 3848 Julii
1008 3732 1181 3821 inserto.

159 3973 433 4141 PRoblema,
459 3970 555 4070 quod
583 3967 1018 4045 celeberrimusNewton
1048 3972 1083 4045 in
1115 3974 1354 4053 Arithmecica
1382 3986 1472 4057 Uni-

252 4072 401 4162 versasi,
426 4072 463 4143 in
491 4067 646 4169 gratiam
664 4093 834 4161 tyronum
847 4071 936 4142 olim
962 4072 1182 4172 conscripta,
1208 4076 1336 4167 soluit,
1365 4082 1470 4156 vides.

156 4176 247 4248 datis
268 4177 402 4271 summa
426 4171 590 4259 satorum,
616 4166 686 4252 bost
704 4167 747 4236 (9·
773 4172 895 4265 angulo
920 4173 1080 4243 verriease'
1105 4176 1322 4247 determinare
1347 4181 1474 4273 latera,

157 4299 220 4350 aut
247 4273 329 4348 huic
358 4269 491 4359 simile,
518 4267 669 4342 omnino
695 4268 966 4342 concinniorem
995 4271 1157 4345 admittit
1185 4274 1438 4350 resolutionem
1466 4335 1478 4373 ,

158 4373 184 4447 fi
209 4371 330 4474 anguli
349 4389 552 4471 querantur
570 4366 613 4441 ad
632 4364 748 4455 basin,
776 4390 882 4466 prout
903 4366 938 4440 id
957 4393 976 4441 a
996 4369 1386 4467 ptaesatosslusitiffimo
1399 4379 1479 4450 Do·

157 4472 261 4547 mino
279 4469 429 4545 Comite
448 4467 624 4542 uberrime
641 4464 831 4565 prestitum
850 4464 918 4555 est,
946 4468 1141 4543 dummodo
1160 4471 1210 4544 ita
1229 4472 1402 4568 generalis
1419 4479 1477 4549 da·

160 4598 198 4650 ta
216 4574 355 4648 summa
371 4593 432 4644 aut
448 4563 649 4643 differentia
668 4567 822 4641 duorum
840 4566 1077 4667 angulorum,
1105 4595 1144 4642 ac
1164 4567 1282 4667 posto.
1297 4568 1366 4643 sinu
1379 4576 1480 4650 unius

259 4676 355 4748 Tum.
382 4671 416 4744 V.
983 4782 988 4797 ,
1010 4669 1050 4741 D
1354 4694 1432 4751 :r
