3709 5434
417 193 610 344 .378
816 150 940 307 'A
1021 227 1049 297 c
1136 144 1410 311 rn

249 430 416 605 {231¹}
437 462 1768 559 mmmmmam

250 593 1507 806 ffld,·ELOGIUM

473 860 1726 1012 Jnoossrnnououra

520 1107 625 1183 Mine
644 1104 835 1183 clarissima
850 1103 1138 1207 Lugdunensium
1168 1106 1259 1205 apud
1280 1105 1436 1177 Batavos
1462 1100 1665 1175 Academia
1688 1126 1758 1200 pre·

546 1208 657 1283 terito
677 1233 772 1283 anno
792 1207 963 1294 Jacobum
984 1208 1242 1297 Gronovium,
1269 1205 1426 1293 Virum,
1454 1204 1513 1297 qui
1534 1204 1621 1274 dum
1655 1203 1753 1290 vixit,

435 1308 606 1383 affiduam
626 1309 906 1407 deditoperam‚
934 1332 972 1381 ut
993 1308 1410 1395 bonasliteraaornaret‚
1439 1302 1659 1402 &quitquid
1676 1305 1755 1400 inge·

436 1409 499 1482 nio
517 1410 551 1480 dt
572 1409 736 1484 debirint
756 1430 924 1501 poterat,
953 1408 997 1481 ad
1017 1434 1244 1481 communem
1264 1408 1427 1480 omnium
1459 1406 1662 1475 utilitatem
1682 1429 1752 1475 con·

435 1509 565 1584 ferret.
594 1514 714 1583 Natus
735 1506 782 1581 est
800 1507 869 1582 Vir
894 1508 1043 1582 celebris
1065 1511 1275 1582 Daventriae
1302 1506 1438 1605 oppido
1458 1504 1575 1603 Belgii
1599 1501 1751 1576 foederati

326 1624 329 1631 '
435 1608 676 1701 nobilissimo,
704 1631 912 1710 patremque
932 1607 1056 1683 habuit
1078 1609 1209 1683 Virum
1237 1608 1364 1682 itidem
1393 1606 1558 1701 praeclare
1590 1605 1752 1694 donum,

436 1710 497 1809 qui
516 1709 722 1784 Daventria
741 1709 866 1783 relibla
886 1711 1100 1809 Lugdunum
1119 1709 1238 1783 abiens
1257 1708 1350 1781 hunc
1370 1703 1486 1779 filiurn
1505 1703 1662 1793 artibus,
1685 1731 1752 1804 quac

437 1809 474 1882 in
496 1810 668 1909 puerilem
696 1832 836 1889 atatem
866 1810 1023 1900 cadunt,
1048 1807 1131 1883 satis
1159 1809 1346 1907 excultum
1373 1832 1416 1878 eo
1434 1807 1556 1883 secum
1580 1805 1751 1893 duxir,&

256 1918 326 2002 Pag.
350 1938 416 1999 190.
437 1910 529 1984 nihil
556 1935 706 1999 eorum,
733 1935 808 2007 quae
837 1910 879 1986 ad
908 1908 1137 1984 formandum
1156 1909 1444 2009 -poliendumque
1471 1905 1549 2004 ejus
1578 1907 1752 2006 ingenium

436 2010 613 2109 pertinere
642 2010 893 2100 videbantur,
923 2010 1175 2109 praetermilit.
1203 2007 1374 2110 Inprimis
1401 2033 1483 2081 cum
1513 2007 1681 2107 lingulati
1706 2032 1753 2078 na.

434 2134 522 2184 turta
548 2107 718 2185 instinblu
752 2110 941 2183 literarum
970 2115 1177 2186 Graecarum
1207 2110 1243 2184 dt
1272 2104 1482 2185 Latinarum
1521 2133 1645 2180 amore
1680 2131 1754 2177 eum

433 2207 584 2309 flagrare
613 2209 915 2283 animadverteret
938 2261 950 2299 ,
978 2236 1050 2283 non
1080 2210 1235 2283 retraxit
1263 2212 1307 2285 ab
1333 2208 1404 2282 hoc
1431 2207 1599 2282 laudabili
1625 2204 1755 2281 iustitu-

434 2331 495 2399 to,
520 2310 596 2384 imo
623 2309 780 2384 acriores
806 2309 838 2382 ei
867 2309 1034 2384 admovit
1062 2308 1242 2400 stimulos,
1270 2310 1305 2382 aa
1337 2332 1376 2382 ut
1404 2306 1441 2380 in
1467 2308 1611 2410 egregio
1628 2332 1756 2406 propo·

433 2405 501 2482 fito
529 2408 745 2509 persisteret,
772 2410 808 2483 ἃ
838 2409 1036 2485 amoeniora
1053 2408 1253 2485 ,literarum
1282 2408 1395 2483 studia
1421 2434 1497 2483 cum
1522 2406 1616 2493 luris
1640 2405 1757 2478 scien·

435 2506 484 2582 tia
510 2509 768 2609 conjungeret,
797 2510 1031 2584 vehementer
1058 2508 1224 2585 hortatus
1252 2507 1318 2587 est.
1345 2512 1435 2601 Quo
1459 2506 1609 2596 fanum,
1635 2529 1675 2576 ut
1694 2529 1753 2578 ae·

432 2632 537 2708 cepta
566 2609 817 2711 peregrinandi
847 2608 1020 2709 potestate
1048 2608 1086 2683 in
1102 2609 1287 2709 'Angliam
1314 2609 1490 2708 optimam
1506 2606 1688 2679 literatum
1706 2603 1724 2677 s
1740 2647 1756 2662 -

431 2708 514 2784 dem
544 2711 701 2808 primum
729 2735 959 2801 excurreret,
987 2712 1022 2783 ἃ
1048 2709 1085 2783 io
1100 2710 1296 2784 Academia
1326 2705 1549 2801 Oxontenfi,
1574 2708 1610 2780 ἃ
1629 2709 1753 2780 Canta·

432 2808 583 2908 brigenfi
610 2837 629 2883 e
657 2810 839 2884 codicibus
868 2837 976 2884 manu
1005 2811 1160 2885 exaratis
1187 2810 1308 2901 sedulo
1335 2808 1558 2910 colligeret,
1592 2806 1749 2908 quicquid
1811 2854 1815 2899 Ξ

431 2905 557 2979 futuro
584 2930 747 3002 tempore
776 2909 889 2981 usibus
916 2908 985 2980 suis
1013 2908 1214 3007 proficuum
1240 2908 1480 2984 existimabat.
1510 2908 1586 2984 Hic
1614 2908 1651 2981 iu
1669 2933 1751 2983 com·
1812 2918 1816 2929 “

402 3004 588 3105 „plurium
609 3005 802 3081 doblotum
832 3004 995 3081 virorum
1024 3007 1223 3085 amicitiam
1252 3011 1418 3085 admiffus
1443 3007 1513 3101 est,
1541 3011 1578 3082 dt
1598 3011 1751 3083 cumPo-

430 3102 590 3192 coelio,
618 3104 841 3196 Pearlonio‚
877 3106 1050 3203 praecipue
1078 3135 1197 3185 autern
1228 3110 1373 3185 Merico
1397 3106 1650 3200 casaubono,
1683 3133 1747 3184 tatu

429 3200 660 3277 familiariter
688 3204 804 3295 vixit,
831 3208 921 3278 ut&
945 3205 1139 3304 postremus
1166 3212 1278 3283 morti
1323 3210 1482 3287 reximus
1502 3209 1602 3287 inter
1622 3233 1749 3287 mutuat

429 3302 505 3401 ejus
532 3305 742 3401 complexus
770 3304 984 3403 exspiraret.
1013 3312 1071 3383 Ex
1090 3312 1224 3410 Anglia
1244 3238 1355 3385 redint
1376 3366 1388 3403 ,
1413 3309 1575 3407 fruetus,
1604 3337 1693 3411 quos
1716 3332 1749 3383 ex

396 3484 402 3495 ‚
429 3404 495 3479 illa
522 3406 813 3504 peregrinacione
843 3405 998 3501 tulerat,
1026 3407 1127 3483 illico
1155 3436 1236 3485 cum
1265 3410 1416 3485 eruditis
1442 3410 1755 3499 communicavit,

429 3506 464 3576 δι
486 3504 676 3595 Polybium
697 3504 920 3579 Historicum
942 3512 1109 3596 Graecum
1129 3507 1199 3583 luis
1222 3511 1258 3583 δι
1277 3508 1579 3595 Casaubouorum
1601 3512 1756 3590 observa·

430 3602 587 3677 tionibus
605 3604 820 3680 illustratum
840 3606 971 3685 edidit.
999 3611 1135 3701 Qua&
1155 3636 1194 3683 re
1215 3635 1377 3708 proceres
1395 3612 1493 3688 urbis
1513 3610 1654 3715 patriar,
1681 3610 1760 3708 qui·

329 3726 338 3742 ·
429 3703 492 3778 bus
510 3705 697 3779 Gronovii
722 3705 910 3806 ingenium
928 3704 1082 3799 mirifice
1104 3710 1289 3808 placebat,
1313 3712 1485 3806 adducti,
1510 3708 1758 3815 provinciam,

427 3829 534 3904 quam
553 3809 616 3878 Ho
643 3806 749 3878 erfius
769 3805 859 3880 olim
881 3830 1068 3901 tenuerat,
1096 3808 1127 3882 ei
1148 3811 1409 3905 decreuerunt,
1436 3839 1546 3915 quant
1565 3837 1686 3893 tamen
1705 3835 1760 3891 ex·

426 3902 514 3978 teris
533 3833 726 3979 inviiendis
754 3906 973 4006 regionibus
989 3908 1151 3983 intentus
1178 3912 1332 3987 modeste
1360 3912 1509 4009 abnuit,
1534 3916 1571 3990 dt
1597 3910 1759 4016 sequenti

423 4030 521 4080 anno
548 4004 586 4077 in
613 4031 739 4079 eorum
759 4007 988 4099 societatem,
1013 4010 1078 4109 qui
1098 4008 1268 4087 illustrem
1290 4014 1466 4089 Paatsrum
1488 4017 1663 4095 ordinum
1682 4015 1759 4091 Bel·

449 4103 588 4179 icorum
617 4105 775 4206 legatum
794 4107 831 4181 in
852 4107 1066 4210 Hispaniam
1086 4109 1378 4208 comitabantur,
1405 4115 1589 4195 adsumtut
1607 4115 1675 4195 est·
1705 4117 1760 4190 Iu·

423 4130 466 4280 be
479 4205 620 4279 ltaliam
643 4208 768 4303 petiit,
797 4208 855 4282 ubi
874 4232 1015 4284 tantum
1035 4208 1151 4310 gratia
1170 4218 1263 4312 apud
1283 4242 1453 4318 magnum
1474 4218 1662 4297 Hetruriae
1683 4220 1762 4293 Du·

424 4328 501 4378 cem
523 4308 659 4397 valuit,
688 4331 727 4382 ut
753 4308 1045 4423 Magliabecchio
1064 4313 1100 4386 8(
1121 4339 1320 4413 purpurato
1350 4323 1457 4392 Patre
1485 4320 1663 4395 Mediceo
1697 4339 1762 4418 pto

421 4401 500 4499 ipso
519 4407 738 4505 potillimum
759 4411 1033 4502 adnitentibus,
1059 4411 1097 4485 iu
1125 4416 1246 4491 loc'um
1277 4416 1518 4493 Chimentelli
1545 4417 1765 4499 professoris

398 4503 540 4589 >Pisani
567 4506 790 4585 sufficeretur
814 4565 823 4583 .
851 4512 981 4611 Neque
1004 4535 1127 4588 tamen
1153 4516 1289 4591 diutius
1316 4518 1367 4593 ibi
1395 4543 1646 4605 commoratus
1675 4517 1766 4609 est,

343 4699 350 4709 υ
419 4600 479 4679 sed
505 4605 625 4708 elapso
652 4609 806 4687 duorum
835 4635 1014 4687 annorum
1041 4610 1159 4715 spatio
1178 4618 1373 4713 venetias,
1396 4621 1592 4704 Patauium
1621 4648 1664 4696 ue
1677 4646 1769 4697 evo·

1638 4746 1722 4803 art.
