3709 5434
527 279 626 383 472
749 237 1112 338 Acron.
1183 223 1476 326 Enun.

221 437 244 473 ⁶
274 486 427 556 T0m3V1,
449 460 486 535 δι
504 457 649 559 quidem
666 475 804 530 tantam
825 502 837 541 ‚
862 472 901 524 ut
920 448 1036 545 ipsum
1054 442 1101 518 sal
1127 466 1173 555 ex
1188 437 1254 511 bac
1275 461 1365 535 aqua
1383 431 1480 509 dulci
1497 457 1614 546 eaque
1644 435 1773 532 pinnir-

359 568 427 631 lem·
455 559 512 633 tili
538 555 654 645 (hane
672 554 768 627 enim
787 551 928 626 dulcem
946 547 1043 634 esse,
1069 540 1194 629 facile,
1221 535 1350 624 credo,
1376 532 1612 618 concedens)
1634 536 1710 609 'stne
1727 542 1766 612 ul.

274 569 431 714 {igivlb
451 659 519 733 lius
546 654 702 751 hominis
728 647 923 726 ministerio
949 645 1008 718 vel
1028 640 1163 715 auxilio
1190 637 1228 709 in
1256 631 1440 747 superficiq
1467 654 1572 705 terrae
1582 658 1764 732 generetur

445 759 487 843 ,δι
510 776 712 842 remaneat,
741 775 779 824 ut
796 750 859 821 suo
876 742 1069 843 aliquando
1086 761 1247 838 tempore
1266 733 1529 808 luculentius&
1551 758 1602 806 ex
1625 734 1761 829 professo

451 856 570 933 dicam
589 887 598 929 ι
628 852 703 928 aliar
723 874 831 949 porto
848 844 1017 919 salsedine
1036 841 1178 917 imbuta
1198 834 1439 938 propullulant
1454 854 1611 941 ,caque
1630 835 1760 934 exigua,

451 982 493 1037 ut
512 952 614 1055 potui
631 974 750 1025 tameo
770 941 1030 1018 &culinaribns
1050 938 1184 1028 usibus,
1207 935 1292 1034 quin
1313 936 1348 1005 δι
1362 932 1551 1031 pecoribus
1573 933 1757 1008 nutriendis

478 1044 689 1151 orandisque
708 1044 879 1120 inservire
913 1042 1072 1141 poffint3
1100 1037 1220 1137 quales
1248 1033 1327 1107 sunt
1348 1059 1367 1107 a
1394 1057 1445 1106 ure
1470 1029 1527 1103 seu
1556 1026 1679 1105 fontes
1703 1036 1757 1107 val·

452 1084 544 1232 iiunt
563 1149 736 1237 istarum,
763 1170 839 1245 quae
858 1142 1040 1217 montibus
1057 1136 1280 1236 Tigriduru‚
1314 1057 1469 1206 crioilo
1497 1130 1752 1223 Ribbecciaoo,

456 1257 492 1329 δι
514 1248 677 1352 plurimis
694 1244 773 1320 aliis
799 1243 879 1316 sunt
896 1237 1056 1337 inspersa
1076 1254 1191 1335 ;·quae
1209 1256 1328 1307 tamen
1346 1254 1490 1317 omnes,
1519 1228 1545 1301 sr
1567 1232 1614 1304 ab
1634 1228 1751 1304 insuerit

456 1349 610 1429 novitiis
628 1349 663 1420 δι
681 1343 829 1420 aduenis
847 1339 996 1414 obiiduo
1014 1360 1155 1411 tantum
1175 1359 1246 1408 non
1257 1334 1458 1429 interrupta
1476 1326 1572 1403 serie
1588 1331 1749 1422 bibuntur,

454 1452 532 1527 vim
551 1446 733 1521 habent&
754 1439 926 1541 purgandi
947 1491 959 1528 ,
986 1439 1021 1510 δι
1040 1434 1189 1510 scabiem
1208 1429 1415 1506 excitandir
1445 1431 1600 1529 quando
1621 1458 1697 1505 vero
1716 1432 1748 1503 ab
1805 1452 1806 1459 ¹

454 1546 633 1648 indigenis
650 1545 779 1616 horum
797 1544 961 1612 locorum
989 1535 1188 1625 bibuntur,
1213 1532 1266 1604 illi
1286 1531 1386 1603 nullo
1412 1528 1516 1627 plano
1537 1531 1745 1605 incommodo

455 1651 500 1725 ab
518 1648 571 1722 his
588 1644 687 1743 aquis
707 1639 939 1738 affliguntur:
969 1635 1044 1710 aliae
1058 1633 1233 1731 denique,
1261 1628 1432 1730 pracipue
1445 1628 1497 1702 hae
1511 1630 1650 1708 ultima
1662 1630 1744 1702 indo-
1805 1662 1806 1673 ι

455 1748 513 1821 liis
534 1746 715 1820 asservata
734 1736 891 1838 apertis,
917 1762 991 1811 non
1009 1732 1151 1823 clausis,
1179 1730 1405 1832 putrescunt,
1431 1729 1479 1804 ob
1495 1728 1741 1808 nimiamcrtdo
1804 1676 1806 1801 i

451 1845 532 1922 limi
549 1841 820 1919 abundantiam.
1805 1850 1806 1853 ’

504 1941 672 2020 Tertiam
697 1939 850 2039 denique
874 1935 1167 2028 distinetionem,
1194 1958 1320 2034 nempe
1333 1934 1489 2007 calorem
1507 1933 1604 2035 quod
1614 1933 1741 2032 spent,

452 2045 530 2124 aliae
558 2038 784 2139 reperiuntur
811 2037 978 2137 frigidae,
1007 2038 1186 2136 pracipuae
1204 2037 1299 2124 illae,
1332 2058 1409 2135 quae
1434 2059 1479 2108 ex
1507 2035 1677 2108 monrium
1700 2056 1742 2105 cr·
1805 2018 1806 2069 ¹

50 2192 52 2207 ι
455 2139 656 2220 carminibus
682 2139 911 2212 decurrentes
929 2135 1090 2236 angustas
1108 2135 1317 2225 convalles,
1344 2158 1470 2234 easque
1498 2135 1669 2209 arboribus
1692 2131 1742 2206 ob

50 2240 52 2355 i
455 2244 567 2344 septas
593 2260 805 2339 percurrunt
831 2236 951 2336 quales
966 2237 1047 2311 sunt
1064 2234 1138 2309 fere
1156 2258 1280 2310 omncs
1296 2233 1398 2332 supra
1416 2234 1534 2319 dista,
1560 2260 1632 2331 quae
1641 2256 1741 2307 matu·

416 2400 419 2407 «
454 2342 535 2417 tino
563 2338 733 2440 ptaecipue
760 2360 952 2434 tempore,
989 2336 1132 2434 quando
1160 2334 1288 2409 solares
1316 2331 1407 2408 radii
1435 2334 1501 2407 vim
1520 2353 1643 2404 tantam
1669 2355 1737 2403 nou

271 2501 296 2565 p
452 2460 641 2529 exercent,
667 2461 835 2537 quantam
854 2433 1109 2533 pomeridianis
1125 2434 1243 2526 horis,
1268 2431 1357 2507 adeo
1375 2431 1518 2533 frigent,
1541 2451 1576 2503 ut
1591 2430 1644 2503 rel
1658 2428 1733 2503 den·

295 2519 343 2585 ἐ’
363 2518 434 2586 3²3⁰
452 2542 550 2619 tibur
577 2537 712 2639 percipi
729 2536 840 2637 frigus
862 2534 1040 2633 quoddam
1061 2533 1192 2633 poffitr
1223 2534 1299 2608 aliae
1317 2532 1418 2630 plane
1445 2531 1520 2606 sunt
1544 2529 1651 2605 caiida
1669 2582 1679 2619 ‚
1699 2549 1737 2601 ut

50 2644 52 2759 j
452 2642 600 2718 thermae
627 2636 805 2712 Africanae
831 2633 973 2733 Capitis
991 2638 1100 2712 Bonae
1116 2633 1228 2733 Spei3
1257 2654 1414 2734 quarum
1441 2631 1524 2708 duas
1543 2626 1737 2706 innotescere

50 2766 51 2775 ¹
450 2738 636 2916 ffueopoelqs
662 2737 697 2809 dc
718 2763 738 2812 a
757 2761 814 2811 me
832 2732 1012 2826 lustratas,
1040 2733 1127 2835 quin
1145 2734 1182 2805 δι
1202 2734 1330 2809 alteras
1346 2730 1586 2835 frequentatas
1600 2734 1676 2820 esse,
1697 2753 1737 2802 te·

480 2868 532 2916 arr
572 2865 704 2914 oum.
1665 2880 1668 2889 ‚

502 2866 685 3032 Qiartam
702 2933 990 3028 distinsiionem,
1018 2960 1144 3035 nempe
1163 2935 1403 3037 quantitatem
1423 2988 1435 3028 ,
1462 2961 1539 3011 oon
1559 2936 1676 3037 possum
1690 2928 1731 3004 ad

450 3040 563 3130 dere,
590 3036 675 3137 quia
694 3035 891 3110 necessariis
917 3035 961 3109 ad
979 3036 1071 3112 hanc
1087 3038 1360 3113 examinandam
1379 3035 1559 3138 requisitis
1576 3034 1726 3117 destituto,

449 3137 544 3213 baud
561 3135 678 3210 dicere
695 3135 801 3226 licet,
827 3160 987 3234 quanam
1009 3137 1050 3210 fit
1067 3136 1208 3239 gravis,
1235 3164 1396 3238 quaenam
1413 3137 1513 3212 lovis
1531 3164 1541 3206 ε
1571 3136 1727 3216 borreto,

444 3235 547 3337 quod
565 3234 658 3310 circa
676 3234 999 3310 extraordinarium
1019 3234 1153 3312 fluxum
1173 3237 1393 3315 &refluxum
1405 3237 1539 3325 maris,
1556 3233 1729 3338 sepciesdur·

448 3360 529 3410 rum
548 3333 663 3434 spatio
680 3335 849 3424 horarum
870 3336 1064 3437 repetitum
1083 3335 1358 3417 &observatum
1375 3339 1510 3431 habco,
1533 3337 1603 3413 alia
1617 3329 1730 3410 occasio

449 3460 495 3514 ne
513 3435 698 3514 vobiscum
714 3435 972 3517 communicari
992 3439 1148 3540 poterit.
1805 3436 1806 3465 ¹
