3709 5434
357 201 1119 324 Erunttotton.
1216 242 1316 374 417

101 452 206 529 tuna„
222 431 440 534 cupidissime
456 429 643 530 adjunxit,
670 456 782 533 eoque
800 456 876 509 uno
890 430 1186 528 familiarissime,
1213 464 1318 538 quam
1340 440 1400 518 diu
1417 462 1580 533 AdAErud.

98 530 203 625 dxii,
229 535 305 609 usus
324 532 389 605 cst.
417 532 576 607 Curavit
592 532 700 605 etiam
730 533 789 605 sibi
816 532 1096 608 aDominicana
1109 539 1263 611 Familia
1281 540 1398 617 vitum
1421 550 1479 608 An.
1493 566 1578 627 ¹7¹⁷·

39 664 41 681 ζ
97 634 132 708 in
144 636 260 735 primic
286 633 421 707 clatum
439 631 625 705 Thomatn
642 632 877 720 Minorellom,
903 658 944 704 ex
958 632 1055 727 cujus
1075 635 1286 733 positisiimo
1304 642 1399 742 inge·
1429 625 1475 687 M·
1498 631 1577 707 3⁰3·

39 756 41 811 l
96 738 174 826 nio,
199 760 270 834 qun
289 750 453 828 tempore
472 728 645 830 Rhodigii
663 729 753 820 fuit,
778 729 894 831 &ipse
912 759 1077 830 magnum
1099 737 1194 830 cepit
1213 739 1400 827 consuetuq

97 833 182 908 dinis
197 834 374 918 studium,
393 830 428 901 dt
448 829 652 928 Rhodigina
671 828 838 927 juventus
856 829 1114 905 institutionis.
1141 835 1207 911 Sed
1227 838 1261 907 8(
1281 839 1398 914 absen.

94 935 180 1008 tium
207 929 384 1008 amicitias
406 927 648 1002 studiosissime
663 931 799 1019 coluit,
826 929 1030 1032 quicunque
1054 930 1175 1030 aliquo
1200 934 1326 1036 insigni
1354 939 1397 1011 li·

93 1033 261 1109 retaturae'
279 1054 406 1132 genere
433 1026 652 1125 prostarent3
682 1028 717 1100 dt
737 1029 930 1129 Patavium
957 1030 1151 1104 identidem
1170 1036 1399 1131 excurrebat,

92 1127 132 1205 iit
151 1132 342 1233 praesertim
360 1126 479 1202 diebus
496 1182 507 1217 ‚
525 1127 660 1226 quibus
676 1126 867 1202 Seminarii
895 1128 1016 1205 census
1026 1128 1074 1228 ,ab
1087 1129 1271 1206 Eminent.
1282 1141 1398 1215 Geor·

87 1230 149 1330 gio
168 1231 312 1306 Cardin.
330 1228 605 1302 CORNELIO
633 1226 754 1303 haberi
773 1226 890 1318 solet,
916 1254 997 1303 cum
1025 1249 1063 1301 ut
1082 1228 1296 1311 selomnium
1311 1235 1396 1314 ‚fere

76 1330 380 1429 disciplinatum,
415 1327 689 1427 linguarumque
715 1325 1014 1426 disputationibus
1041 1329 1272 1404 continenter
1302 1332 1398 1410 habi·

87 1431 132 1503 tit
158 1450 353 1521 recrearet,
379 1449 556 1500 tumveto
584 1427 738 1501 maxime
766 1449 804 1500 ut
823 1426 989 1503 Antistiti
1008 1429 1177 1526 optimo,
1204 1432 1238 1501 ἃ
1259 1434 1301 1505 ad
1319 1434 1397 1507 lite-

87 1554 141 1603 ras
191 1530 432 1604 romovendus
458 1525 704 1601 incitatisiinto
730 1523 1020 1625 gratificaretur.
1048 1531 1186 1617 Cetera
1208 1530 1334 1623 latus,
1361 1536 1397 1606 δι

87 1554 188 1728 quod
204 1625 426 1703 inhumanis
453 1623 665 1699 rarissimum
682 1624 754 1717 esl,
781 1627 840 1701 sua
860 1652 1051 1703 contentus
1069 1628 1192 1721 sorte,
1220 1629 1256 1703 id
1286 1656 1396 1706 unum

108 1728 206 1803 rimis
231 1730 337 1801 annis
354 1724 519 1814 dolebat,
546 1726 641 1822 quod
655 1725 829 1799 librorum
850 1728 953 1825 copia
972 1751 1128 1814 careret,
1156 1754 1219 1802 nec
1237 1727 1318 1802 satia
1336 1730 1396 1806 lta·

142 1850 177 1901 et
203 1826 465 1912 fortunatum,
497 1825 624 1924 quibus
651 1825 686 1899 δι
710 1825 956 1924 Episcopalem
986 1826 1201 1927 dignitatem
1229 1826 1397 1907 sustinete

86 1928 218 2026 pedite,
245 1930 283 2000 dt
311 1923 589 2003 honestissimum
617 1923 686 1998 hoc
713 1924 919 1999 desiderium
948 1929 1117 2028 explete.
1145 1925 1396 2027 Possaliquan-

86 2050 122 2101 to
146 2026 368 2127 respiravit,
393 2023 634 2125 insitudlaque
659 2023 825 2101 detenter
847 2026 985 2117 domo,
1012 2027 1054 2101 de
1073 2026 1172 2100 libris
1188 2052 1397 2126 comparan-

86 2125 134 2201 dis
157 2127 320 2226 cogitare
345 2126 494 2227 toepit,
529 2125 625 2223 quod
652 2121 765 2222 ipsum
795 2124 846 2225 ita
873 2125 1067 2224 praeslitit,
1104 2147 1143 2199 ut
1170 2128 1228 2201 vel
1255 2151 1299 2200 ex
1326 2127 1396 2203 hoc

86 2250 152 2300 uno
176 2228 222 2300 de
238 2227 378 2301 summa
404 2225 479 2324 ejut
502 2222 675 2322 sapientia
700 2222 835 2321 conjici
864 2224 986 2324 possit.
1016 2229 1083 2300 Per
1099 2224 1172 2302 hac
1189 2224 1394 2322 adjumenta

84 2352 151 2404 non
171 2350 300 2426 paucas
326 2352 392 2426 pro
410 2350 449 2399 re
467 2346 549 2399 natu
566 2322 825 2398 dissertationes
851 2324 1081 2422 composuit,
1108 2325 1149 2398 de
1168 2328 1395 2417 Taurobolim
1494 2322 1503 2336 ”

80 2429 120 2503 de
135 2429 312 2501 vermibus
326 2447 468 2523 eoeperit
492 2424 632 2497 humari
648 2473 660 2512 ,
684 2423 726 2497 dc
742 2425 830 2496 Solis
847 2424 974 2519 Eolrpsi
991 2474 1003 2515 ,
1029 2426 1072 2498 de
1088 2427 1206 2499 Aonie
1230 2425 1395 2512 Faustina

79 2554 171 2602 num
188 2581 200 2619 ‚
228 2527 273 2601 de
297 2529 399 2597 ame}
414 2524 549 2618 Imperii
566 2522 767 2615 Elagabalr',
794 2523 836 2594 ab
853 2522 897 2593 iis
914 2522 1049 2610 editas,
1076 2525 1120 2594 ad
1137 2548 1226 2620 quot
1243 2549 1305 2619 per
1323 2523 1396 2615 epi·

78 2627 200 2704 siclam
233 2626 340 2699 missa
358 2623 460 2712 sunt,
488 2640 612 2717 praeter
632 2618 827 2705 ultimam,
853 2641 961 2714 quarn
980 2617 1092 2689 edidit
1118 2617 1204 2713 ipse,
1218 2620 1312 2711 typis
1338 2622 1397 2690 Se·

78 2725 230 2801 minatii
250 2721 698 2798 Patauininmnccxtn.
725 2713 1045 2812 Scripsitpraeteret
1057 2715 1098 2788 ad
1109 2715 1399 2807 amicosLatine,

77 2822 270 2902 &italice
299 2820 441 2908 multa,
468 2842 542 2893 non
570 2814 683 2888 solutu
703 2812 830 2903 modo,
857 2812 1042 2888 sedetiam
1071 2813 1180 2913 ligata
1208 2813 1398 2899 oratione.

40 2898 42 3009 i
74 2950 155 3024 quae
184 2921 321 3020 singula
348 2919 491 3018 quidem
515 2912 777 3000 minutulum,
811 2912 930 2985 sedin
959 2935 1068 2984 unum
1098 2937 1216 2986 tamen
1244 2913 1395 2989 collesla

75 3048 237 3121 corpus,
267 3017 395 3113 julium
423 3017 593 3093 volumen
612 3009 818 3084 efficerent.
845 3011 975 3083 Nolim
995 3009 1159 3112 equidem
1179 3036 1395 3111 quacunque

76 3120 211 3221 scripsit
241 3119 317 3193 sive
334 3115 447 3205 serio,
474 3114 544 3186 stuc
562 3112 645 3225 joco
659 3161 680 3198 ,,
698 3107 817 3223 llatitn
836 3108 997 3225 vulgari,
1012 3135 1130 3225 'quam
1159 3136 1226 3210 ego
1245 3111 1396 3185 Amico·
1466 3130 1471 3135 ’

80 3243 310 3397 ‘iiiiii'
326 3237 568 3414 ll‘llssd
583 3208 1021 3383 lslismddldsdsss
1039 3204 1395 3397 lsltsl‘dssms'lz

83 3442 153 3494 tota
180 3420 247 3494 illa
277 3411 548 3499 controversia,
582 3433 658 3506 quae
684 3403 746 3502 ipsi
774 3432 852 3478 cum
873 3404 1152 3501 praeslantisstmo
1173 3403 1393 3480 Adversario
1413 3421 1485 3508 Pag.
1505 3426 1575 3507 384„

82 3519 241 3606 Joltanne
259 3513 443 3614 Vignolio
467 3510 509 3585 de
526 3508 663 3603 Imperio
682 3505 801 3577 Seueri
820 3503 1008 3574 Alexandri
1034 3503 1102 3574 suit
1124 3556 1136 3588 ‚
1170 3505 1321 3578 omnino
1348 3505 1396 3600 ja·

82 3644 155 3694 cete
183 3645 261 3694 non
292 3615 454 3700 debent,
480 3612 576 3710 quod
603 3605 674 3702 jam
704 3605 746 3679 ad
775 3601 962 3677 umbilicos
990 3603 1249 3698 pervenerint,
1283 3607 1317 3677 δι
1346 3604 1396 3680 sa·

82 3742 168 3793 mam
198 3718 278 3814 ejus
305 3710 474 3786 suslinete
501 3705 657 3809 possunt.
691 3705 814 3803 Multa
842 3702 949 3775 etiam
984 3702 1071 3773 milti
1108 3702 1150 3775 de
1178 3703 1395 3778 Patriarchis

81 3812 370 3919 Aquileiensibus
396 3807 513 3909 legit,
547 3806 659 3878 multa
684 3800 835 3877 ostendit
862 3826 905 3873 ex
932 3796 1144 3873 abuitiffima
1180 3804 1395 3902 antiquitate
1513 3854 1516 3861 .

82 3918 291 4018 deprompta
314 3938 327 3999 3
353 3909 411 3987 sed
428 3912 594 4008 pleraque
612 3902 781 3978 informia
808 3902 917 3990 sunt,
945 3926 1008 3973 nec
1031 3900 1142 3973 lucem
1162 3900 1299 3999 sperare
1320 3902 1398 4000 pos·
1547 3940 1554 3955 ·

80 4016 175 4110 sunt,
204 4015 270 4093 nisi
301 4010 438 4086 fottea
455 4002 663 4084 Clarissimo
677 4002 771 4079 Viro
798 3999 895 4089 Juslo
912 4000 1113 4087 fontanini,
1141 4000 1298 4100 quidcea
1320 4026 1396 4072 ctu·

83 4117 216 4193 ditione
242 4114 294 4190 est
323 4164 335 4201 ,
361 4133 401 4184 ut
420 4108 511 4182 nihil
537 4100 739 4202 hujusmodi
761 4099 956 4173 formidare
984 4098 1135 4189 debeat,
1162 4101 1197 4169 ἃ
1226 4097 1268 4169 iis
1287 4097 1398 4169 moti·

81 4217 167 4310 but,
197 4241 238 4292 ut
260 4211 360 4289 nihil
377 4209 545 4285 omittere
564 4203 699 4303 ponit,
732 4201 828 4302 quod
855 4200 897 4273 ad
919 4197 1075 4272 Ptasulia
1101 4198 1143 4271 de
1167 4195 1201 4269 se
1220 4194 1398 4269 metitisis·

44 4382 46 4395 ,
83 4319 130 4393 mi
155 4315 320 4420 gloriam
350 4310 546 4385 conducere
574 4303 759 4377 videatur.
785 4298 978 4398 Reliquum
999 4296 1068 4385 esi,
1096 4318 1136 4367 ut
1154 4297 1196 4367 de
1214 4294 1287 4390 ejus
1305 4319 1400 4368 mor-

84 4438 117 4492 te
140 4421 340 4503 dicamus,
364 4411 459 4510 quod
487 4402 611 4506 paucis'
626 4401 855 4493 obsolvetur3
884 4422 965 4471 natn
994 4421 1038 4469 ne
1056 4392 1203 4468 differto
1216 4392 1402 4563 ¹quidem,

83 4518 346 4623 exploratoque
370 4512 572 4599 cadavere,
606 4500 747 4582 Medici
769 4497 832 4599 ipfi
859 4494 1069 4596 ceteroquin
1107 4492 1213 4594 petiti
1261 4491 1309 4563 mi
1336 4484 1401 4567 slass

141 4617 329 4711 „Tenty-
444 4686 448 4693 ,
896 4600 1000 4696 Ggg
1249 4613 1349 4663 tuere
