3709 5434
447 235 496 303 12
825 190 1211 292 ACTA

191 407 351 561 pffffil·
372 410 1687 503 mmmmmteawmcmwm

188 564 330 755 nnn.
412 580 937 699 LUCULAE
1018 585 1648 692 contacta.

372 828 450 913 Dic
481 833 550 907 26.
582 818 815 904 Novembris
850 832 978 927 1'710.
1011 814 1152 931 Gieffae
1182 802 1393 931 Hafforttm
1424 816 1631 928 observato
1665 852 1690 900 a

427 946 502 1050 Jo.
534 941 788 1023 Gnotoro
821 940 1211 1041 Lrearttutcttr,
1243 931 1532 1021 Mathemarum
1552 937 1690 1020 ibidem

368 1170 373 1187 .
429 1064 478 1142 Ρ.
510 1057 602 1140 ord.
635 1053 892 1169 Dcstgnatio.
975 1094 993 1147 ,·
1092 1146 1095 1157 ¹

370 1364 375 1371 .
466 1304 627 1374 Uantum
654 1325 700 1374 ert
724 1296 1009 1399 ephemeridibus
1052 1294 1339 1395 meteorologicis
1366 1294 1523 1370 eonllare
1551 1295 1655 1369 debet
1682 1310 1696 1386 ,'

495 1425 555 1495 per
579 1400 758 1498 integrum
786 1397 976 1496 superioris
1002 1398 1087 1470 anni
1116 1395 1267 1471 mensem
1292 1395 1544 1469 Nouembrem
1582 1393 1698 1467 varia-

378 1496 465 1569 biles
491 1497 694 1573 admodum.
711 1516 907 1596 negnatnnt
933 1494 1154 1594 tempestates
1181 1529 1189 1569 ε
1227 1494 1357 1567 ctelutn
1387 1517 1471 1591 puta
1499 1490 1618 1564 minus
1643 1490 1699 1563 sn-

378 1598 464 1671 dum
490 1620 531 1668 ac
558 1594 717 1670 serenum
744 1594 939 1695 apparuit,
974 1594 1161 1667 matutinis
1195 1591 1339 1692 quidem
1376 1590 1474 1663 horis'
1502 1588 1697 1664 maximam

370 1715 520 1790 -partetn
549 1695 778 1785 nebulosum,
805 1692 1009 1791 meridianis
1030 1692 1123 1765 Solis
1151 1715 1407 1787 nonnunquam
1434 1688 1540 1762 radiis
1568 1711 1701 1787 tempe·

384 1814 531 1881 rernm,
565 1794 599 1863 ἃ
629 1794 837 1893 vespertinis
862 1816 935 1865 non
964 1810 1058 1891 aque·
1085 1813 1260 1890 gratum.
1296 1785 1487 1885 speciatim
1526 1811 1614 1858 vero
1641 1785 1700 1857 die

383 1893 499 1962 XXV.
527 1889 604 1961 hor.
628 1917 655 1961 1.
686 1891 759 1990 post
787 1916 872 1964 mer.
890 1889 926 1963 st.
949 1916 1030 1963 nov.
1048 1887 1341 1981 constitutionem
1368 1883 1457 1957 aeris
1483 1884 1701 1959 barometra-

385 1990 455 2063 lem
474 1989 520 2061 in
548 1986 739 2063 horiz‘onte
767 1989 887 2063 nostro
914 1985 1129 2089 deprehendi
1158 2003 1220 2079 310
1235 1990 1332 2078 3‘4'3
1360 1983 1630 2057 Thermometr.
1647 1983 1700 2053 to‘

387 2090 485 2184 Hyg.
507 2085 585 2176 t‘74
609 2087 768 2161 sufflante
796 2110 908 2160 vento
936 2092 1013 2160 ΝΟ
1042 2118 1051 2158 t
1080 2085 1161 2158 dein
1190 2081 1246 2157 die
1272 2085 1405 2156 ltxvt.
1425 2080 1501 2153 hot.
1522 2089 1554 2155 8.
1573 2102 1700 2154 matut.

385 2184 526 2256 Barosc.
546 2185 698 2278 3102'5'
724 2184 912 2258 thetmosc.
936 2185 984 2277 1'3
1015 2186 1048 2256 dc
1076 2188 1173 2282 Hyg.
1196 2181 1269 2273 1‘75
1298 2204 1408 2253 rento
1433 2179 1704 2277 septentrionali

388 2282 424 2352 ἃ
451 2307 531 2355 aere
558 2283 658 2357 valde
685 2282 853 2357 nebuloso
887 2280 1085 2372 existente,
1120 2306 1225 2382 quem
1262 2280 1343 2354 coeli
1378 2278 1505 2353 slat'urn
1533 2279 1704 2353 notabilis

204 2460 210 2471 ,
351 2462 356 2471 .
386 2379 531 2480 cicce'pit
559 2381 732 2471 varietas,
758 2378 872 2455 donec
899 2381 988 2455 hora
1015 2406 1048 2475 9.
1067 2383 1199 2455 iterum
1226 2377 1394 2454 sereniori
1419 2378 1583 2475 apparuit
1610 2376 1701 2450 facie

209 2488 280 2568 Pag.
303 2491 372 2562 32⁶·
394 2502 476 2552 cum
503 2480 646 2580 aliquali
674 2478 817 2581 frigoris
843 2481 1072 2572 intensione,
1098 2480 1181 2555 dum
1209 2479 1252 2550 sc.
1282 2476 1339 2552 die
1364 2481 1518 2551 XXVII.
1546 2476 1704 2550 thermo·

209 2567 374 2678 Tabdll·
391 2575 550 2677 scopium
575 2578 704 2653 lineam
726 2602 780 2672 15.
799 2578 1015 2655 monstrabat
1041 2582 1106 2653 dcc.
1124 2580 1190 2652 &c
1207 2578 1282 2652 Die
1300 2578 1435 2648 XXVI.
1451 2575 1541 2649 hora
1558 2579 1625 2649 Vl.
1644 2600 1705 2649 ve-

211 2666 293 2763 th.
308 2692 338 2740 2·
379 2676 546 2776 :spertina
572 2679 776 2753 admonitus
793 2704 813 2753 a
830 2681 1048 2775 nonnemine
1074 2677 1193 2751 versus
1218 2680 1356 2777 plagam
1377 2674 1702 2775 septentrionalem

381 2782 516 2855 tarcum
539 2779 699 2868 ‘amplam
726 2780 761 2845 ἃ
788 2780 967 2849 lucentem
995 2777 1189 2869 conspexi,
1216 2775 1314 2870 cujus
1336 2774 1562 2849 latitudinem
1577 2788 1619 2844 ⁴2„
1641 2792 1702 2843 aut

278 2921 280 2925 ψ
381 2866 501 2941 trium
521 2868 807 2964 circitetpedurn
824 2871 941 2941 sensus
957 2869 1160 2963 judicabat.
1188 2871 1276 2939 Non
1305 2890 1422 2940 tamen
1449 2871 1598 2963 amplius
1620 2863 1703 2938 ade·

378 2989 446 3057 ,tat
471 2965 803 3135 splendotpropcie
830 2960 932 3054 talis,
954 2965 1096 3062 qualem
1116 2963 1354 3063 ‘conspexerat
1380 2963 1514 3061 primus
1540 2959 1703 3038 observa·

380 3064 473 3153 poc,
497 3062 556 3134 sed
581 3061 694 3135 lucula
746 3061 863 3135 iuersae
883 3063 1089 3137 claritatis:
1119 3086 1200 3137 nam
1229 3086 1308 3160 pars
1332 3082 1490 3135 contexa
1516 3059 1701 3136 obscurior

382 3182 468 3247 ,crat
483 3182 665 3251 concava,
691 3184 730 3233 ut
748 3160 1026 3237 schelmatiamus
1045 3160 1240 3235 monstrat.
1269 3159 1343 3233 Vix
1366 3184 1418 3231 ro.
1439 3161 1576 3235 minuta
1596 3161 1701 3236 hora-

390 3259 730 3359 naaphaenonenon
756 3260 926 3351 durabat,
952 3260 987 3334 id
1016 3261 1112 3360 quod
1132 3257 1254 3333 Amici
1282 3257 1473 3357 plurimum
1500 3260 1703 3335 honorandi

383 3359 503 3451 ditet-2
516 3357 798 3435 confirmarunt,
823 3364 958 3433 Arcum
978 3358 1143 3433 illum'ab
1159 3357 1267 3432 initio
1284 3359 1390 3457 longe
1400 3355 1500 3432 suill'e
1509 3357 1699 3434 clariorem

235 3500 237 3504 Α
383 3485 432 3531 eo
457 3457 598 3531 facilius
614 3458 747 3532 credidi
769 3480 785 3548 ‚¹
805 3456 903 3557 quod
930 3485 985 3533 me
1010 3458 1156 3559 aliisque
1180 3455 1406 3558 praesentibus
1430 3460 1548 3534 incula
1574 3456 1699 3534 sensim

385 3556 590 3657 sensimque
598 3556 830 3632 accrescebat?
846 3561 899 3630 :In
910 3558 996 3658 ipso
1013 3582 1097 3632 arcu
1113 3558 1254 3633 lucente
1269 3558 1304 3631 ἃ
1322 3557 1406 3631 alibi
1426 3558 1550 3657 pallini
1560 3574 1703 3659 appare·

386 3656 472 3728 bant
490 3654 618 3745 stella,
641 3657 698 3729 sed
717 3657 811 3731 intra
828 3657 1002 3730 ambitum
1024 3682 1124 3732 arcus
1139 3682 1179 3733 ea
1196 3678 1272 3731 erat
1291 3657 1505 3747 obscuritas,
1531 3684 1608 3759 quoe
1625 3683 1702 3732 om·

386 3776 469 3837 nem
487 3751 664 3831 stellarum
681 3748 907 3854 conspeslu'm
933 3757 1034 3830 nobit
1059 3757 1251 3857 eripiebat.
1278 3756 1388 3848 Quod
1414 3757 1532 3830 locum
1563 3757 1703 3855 phaeno-

386 3849 482 3923 meni
500 3875 606 3952 atque
620 3848 907 3955 magnitudinem
932 3856 1087 3948 attinet,
1113 3857 1306 3932 tenendum
1330 3852 1399 3945 ell,
1424 3855 1520 3955 quod
1537 3857 1704 3958 Cepheus

385 3948 622 4027 meridianum
651 3955 714 4027 rix
742 3954 962 4055 reliquerat,
989 3982 1071 4030 cum
1098 3955 1194 4032 stella
1221 3956 1259 4030 in
1286 3955 1395 4031 cauda
1421 3955 1585 4032 draconis
1610 3954 1704 4058 apud

382 4052 552 4142 Bayerum
568 4052 674 4127 litera
692 4089 712 4126 a
732 4078 856 4130 notata
877 4058 1050 4131 verticem
1066 4055 1140 4130 fere
1159 4083 1260 4132 arcus
1285 4079 1492 4156 occuparet.
1520 4062 1639 4132 Crura
1649 4082 1704 4130 ar·

384 4171 444 4220 cut
454 4145 637 4224 horizonti
648 4150 868 4246 influebant,
894 4165 1244 4257 (quantumpropter
1255 4154 1424 4231 adstantia
1450 4153 1595 4231 aedificia
1613 4148 1706 4250 judi·

383 4270 463 4319 care
479 4251 1062 4358 poteram)comprehendebatque
1080 4281 1181 4330 arcus
1199 4255 1352 4356 ipsesere
1365 4253 1448 4329 ursae
1466 4250 1609 4349 majoris
1626 4253 1705 4328 stel-

383 4344 434 4417 lat
445 4343 604 4455 septem,
631 4351 666 4421 δι
687 4351 855 4425 exalterat
873 4376 974 4452 parte
993 4354 1181 4429 curvitatis
1198 4355 1455 4455 propemodum
1476 4350 1597 4448 pedem
1609 4356 1703 4428 Her·

383 4442 510 4538 cultsd
531 4445 751 4547 attingebat.
781 4450 880 4524 Dico
908 4453 1202 4552 propemodum:
1231 4477 1302 4524 non
1330 4451 1427 4525 enim
1454 4449 1500 4522 ob
1525 4448 1703 4526 obstacula

386 4540 423 4614 δι
448 4547 557 4620 nubes
574 4567 693 4624 totum
712 4573 798 4626 mox
814 4551 946 4630 coelum
962 4553 1169 4654 obtegentes
1185 4572 1347 4630 accurate
1369 4549 1411 4626 de
1428 4546 1631 4723 stellisppfis
1647 4549 1702 4646 jn-

497 4666 503 4689 ·
812 4694 819 4709 .
887 4676 894 4687 ·
1567 4673 1659 4723 reare
