3709 5434
500 273 600 417 384
879 260 1035 362 A'e
1119 288 1152 356 τ
1237 288 1267 354 a

234 525 399 595 ΑΒΜ,
414 488 565 568 distante
593 485 660 560 stru
686 481 852 571 servato,
878 474 1000 549 uersus
1027 477 1174 585 Corum·
1200 475 1215 554 (
1242 470 1293 543 N.
1314 472 1362 541 Ο.
1388 475 1403 556 )
1431 466 1475 539 ab
1499 461 1755 578 hypaquilone

235 612 393 684 Anam.
415 591 657 678 ducebantur,
684 584 764 671 sed,
791 582 936 656 brevem
963 574 1110 648 emenlae
1139 596 1254 659 utam,
1287 565 1459 641 ttttffimae
1488 567 1600 639 oeults
1634 566 1748 638 leniet

236 688 282 749 M·
300 689 392 763 Junii-
414 689 680 767 subducebant.
718 683 828 757 Tales
855 668 1036 753 flammas‘
1051 675 1213 776 ingentes
1240 671 1326 744 XII.
1357 671 1534 768 progreffu
1566 668 1749 755 temporis

415 817 535 882 natas,
563 813 634 863 uno
662 786 757 859 botae
785 780 1003 882 quadrante,
1031 801 1069 849 us
1098 803 1139 847 ue
1163 776 1204 847 ad
1234 774 1374 845 horxx.
1403 770 1589 865 conspexi.
1624 769 1747 846 Postea

415 893 520 968 nulla
549 886 699 987 amplius
727 911 746 957 a
775 907 831 953 me
850 877 931 953 visae
951 802 1177 966 suut‚l10rae
1197 873 1373 962 dimidio,
1401 898 1473 971 quo
1493 870 1748 983 praperlaplo,

414 1018 495 1067 cum
525 984 751 1086 &splendor
777 980 1076 1066 imminueretur,
1104 973 1363 1049 &descendere
1393 998 1521 1044 aurora
1536 972 1745 1062 videretur,
1823 988 1824 991 ’

415 1094 459 1168 ab
486 1084 737 1164 observatione
766 1078 903 1156 destiti.
931 1079 1042 1153 Paulo
1070 1100 1153 1148 ante
1181 1077 1258 1147 hor.
1276 1077 1320 1145 X.
1349 1097 1426 1145 etat
1455 1073 1522 1144 hoc
1542 1095 1679 1144 notatu
1698 1072 1744 1145 di·

415 1190 621 1293 grimmam
650 1182 909 1281 spedlaculum,
938 1182 1033 1277 quod
1064 1176 1170 1249 nubes
1199 1172 1401 1275 nigerrima
1429 1173 1463 1244 dc
1492 1170 1628 1269 spissa,
1659 1170 1743 1244 inil-

416 1296 454 1363 lo
483 1291 559 1390 ipso
587 1284 707 1359 lucido
724 1282 862 1370 trablu,
891 1278 1137 1377 affurgebant,
1164 1273 1254 1347 fumi
1275 1272 1406 1369 copiosi
1428 1272 1681 1370 coagmentati
1698 1273 1743 1346 in·

416 1390 486 1464 star
514 1386 722 1462 referentes.
751 1386 818 1456 Hae
845 1378 967 1452 sensim
997 1381 1039 1450 ad
1071 1397 1134 1471 340
1162 1380 1282 1464 elata,
1310 1375 1649 1497 &sueriusCotutn
1672 1400 1741 1469 pto-

420 1486 544 1588 pulsae‚
573 1510 653 1560 cum
682 1505 787 1557 antea
815 1482 925 1555 client
955 1475 1167 1567 continuat,
1196 1473 1413 1570 incipiebant
1441 1473 1478 1545 in
1510 1497 1634 1570 partes
1659 1472 1739 1547 scin·

345 1618 368 1665 ’,
418 1590 475 1678 di,
503 1592 560 1678 dr,
587 1583 683 1688 quod
712 1580 802 1654 mibi
830 1579 987 1654 maxime
1015 1577 1053 1649 in
1083 1577 1147 1649 hac
1176 1574 1429 1647 observatione
1457 1574 1626 1672 placuit,
1654 1576 1739 1650 inrta

307 1672 313 1677 ⁹
422 1668 463 1780 tp
493 1684 541 1759 m.
561 1687 734 1787 spatium,
763 1684 812 1755 ita
841 1679 1121 1754 dissolvebantur
1141 1677 1175 1746 &
1195 1674 1450 1773 dissipabantur
1468 1727 1479 1764 ,
1507 1699 1546 1747 ut
1568 1701 1616 1748 ne
1635 1677 1734 1750 ullum

417 1788 562 1887 quidem
583 1787 723 1860 illarum
754 1781 791 1854 in
819 1780 913 1853 coelo
936 1777 1124 1875 vestigium
1153 1774 1303 1874 amplius
1321 1773 1529 1872 superesset.
1567 1779 1656 1870 Qua
1679 1801 1736 1851 nu·

418 1889 486 1963 bea·
504 1887 591 1987 quin
619 1881 766 1956 incensa
792 1879 985 1979 sulphurea
1012 1875 1167 1950 materia
1186 1873 1351 1974 fuligines
1369 1874 1493 1951 haberi
1512 1874 1736 1976 diciquepns·

417 1988 507 2077 suar,
537 1985 684 2059 minime
712 1981 855 2055 dubito.
884 1981 984 2051 Nam
1013 1975 1217 2053 breviffimo
1245 1977 1308 2047 illo
1337 1999 1499 2072 tempore
1529 1976 1567 2051 in
1598 1978 1736 2076 regione

417 2086 548 2162 illustri
577 2084 833 2173 nascebantur,
859 2077 917 2150 sed
946 2075 1100 2172 disjeuae
1129 2104 1148 2150 a
1177 2099 1309 2166 vento,
1335 2076 1374 2149 in
1399 2102 1502 2149 auras
1532 2076 1668 2149 rursum
1687 2104 1736 2151 re·

418 2210 526 2287 pente
554 2185 727 2259 abibant.
756 2183 930 2253 Ceterum
960 2179 1097 2250 nullum
1125 2178 1254 2250 notaui
1290 2174 1447 2251 materia
1476 2178 1738 2274 prorumpentis

163 2328 168 2341 >
285 2330 289 2335 ·
417 2286 625 2400 strepitum,
651 2281 773 2355 omnia
800 2277 963 2379 aquabili
991 2277 1165 2376 celerique
1194 2301 1296 2349 motu
1323 2275 1572 2376 agitabantur.
1601 2284 1736 2352 Arcum

421 2387 579 2465 lucidum
611 2408 719 2482 prope
747 2380 1010 2466 horizontem,
1038 2376 1202 2476 quamuis
1229 2376 1410 2474 integrum
1433 2430 1444 2467 ,
1470 2376 1550 2475 quia
1579 2377 1735 2473 opposita

416 2485 583 2559 conclavi
612 2509 692 2556 meo
720 2479 824 2553 curia
861 2478 1084 2576 aliarumque
1113 2479 1238 2557 aedium
1276 2476 1447 2550 altiorum
1476 2478 1563 2549 tedia
1590 2476 1728 2573 prospe·
1823 2488 1824 2537 l

416 2585 515 2660 dium
544 2583 748 2658 liberiorem
777 2577 1051 2677 impediebant,
1088 2577 1209 2649 videre
1238 2575 1328 2650 haud
1358 2576 1561 2674 potuerim,
1587 2575 1732 2650 adfuisse

417 2709 539 2761 tamen
569 2684 747 2783 aliquem,
775 2679 858 2769 alii,
886 2677 949 2777 qui
978 2676 1070 2750 idem
1093 2676 1352 2774 phanomenon
1373 2675 1656 2776 conspexerunt,
1681 2703 1736 2758 ,re-

415 2784 559 2860 ferunt.
588 2784 711 2873 Mihi,
735 2806 816 2853 cum
845 2804 1010 2867 vererer,
1038 2800 1077 2849 ut
1107 2776 1429 2875 representationes
1457 2803 1586 2868 nouae,
1614 2800 1733 2878 prater

337 2880 342 2891 ’
414 2884 700 2983 expediationem
730 2878 850 2968 fadla,
878 2879 978 2968 cito,
1005 2877 1314 2976 quamadmodum
1343 2878 1452 2951 etiam
1480 2881 1628 2970 evenit,
1654 2878 1731 2953 defi-

415 3006 565 3072 nerent,
594 3006 665 3053 non
692 3000 769 3052 erat
797 2978 1003 3078 integrunt,
1030 2977 1140 3051 alium
1167 3003 1323 3079 quarere
1351 2977 1598 3056 observationi
1628 2978 1731 3079 tnagis

415 3081 729 3158 accommodatum
758 3077 899 3153 locum.

488 3536 779 3672 Josanffl
820 3489 1204 3647 vaunnam
1246 3535 1671 3650 casanata

804 3735 1071 3890 Epssomd
1098 3780 1342 3863 Geometras.

186 4032 193 4041 -
227 3994 276 4057 M.
295 3996 385 4066 Iulii.
492 3991 577 4063 UM
605 3985 845 4088 superioribus
880 3989 1033 4085 diebus,
1068 4016 1107 4066 ut
1137 3994 1274 4068 Amico
1311 4021 1373 4094 per
1400 3992 1532 4069 literas
1557 3993 1734 4098 imagines

200 4072 295 4177 Q·
318 4094 386 4155 3¹²·
504 4089 725 4192 Diuorum,
754 4088 1011 4193 Divarumque
1039 4095 1260 4193 quarundam
1291 4094 1483 4194 postulanti
1511 4121 1662 4194 operam
1680 4122 1737 4170 na·

403 4215 548 4281 uatem,
573 4191 794 4287 Bibliopolam
823 4188 918 4266 bunc
948 4195 1085 4265 Gallum
1113 4194 1394 4295 convenilsem3
1434 4219 1542 4296 atque
1570 4221 1610 4269 ut
1642 4195 1738 4273 iusti·

402 4310 488 4363 tuta
515 4292 586 4387 jam
616 4290 668 4362 rei
695 4292 831 4365 exitum
851 4295 1062 4393 expediret,
1090 4295 1339 4391 expebiatem,
1365 4298 1739 4386 Arademr‘aeParrfien·

392 4387 443 4475 fir
468 4392 813 4483 Commentariorum,
850 4418 1007 4491 quotum
1045 4396 1182 4467 nullutn
1222 4397 1319 4471 intra
1356 4422 1489 4470 novem
1519 4395 1595 4470 fere
1624 4422 1739 4475 annos

400 4489 526 4602 uidere
555 4491 779 4593 contigerat,
807 4518 963 4604 corpora
995 4496 1153 4594 quadam
1183 4496 1219 4568 in
1242 4524 1370 4571 manus
1390 4496 1485 4573 forte
1505 4498 1743 4587 inciderunt,

54 4684 58 4693 1
187 4660 195 4669 ,
218 4629 290 4714 143·
310 4652 379 4716 313·
398 4614 437 4663 tn
466 4593 593 4692 quibus
619 4595 831 4665 Problemata
859 4593 921 4666 tlla
952 4595 1048 4684 duo,
1074 4596 1117 4669 ad
1146 4596 1245 4669 vires
1271 4602 1473 4689 Ceatrales,
1500 4625 1582 4674 curn
1609 4602 1652 4676 in
1671 4604 1744 4674 ina

397 4690 433 4762 m'
459 4715 537 4775 turn
565 4696 603 4769 in
627 4696 724 4789 pleno
751 4691 953 4793 speblantia
976 4747 989 4786 ,
1015 4718 1092 4795 qua
1120 4696 1265 4796 primus
1293 4726 1361 4801 ego
1389 4700 1533 4801 publice
1560 4703 1753 4777 Gemma

1186 4802 1196 4829 l

1626 4830 1697 4907 ΡΟ·
